1832 3132
561 120 946 171 msTomAimM
976 123 1028 163 11.
1058 126 1125 168 20,
1452 101 1489 168 4
1503 121 1566 176 19

127 223 178 270 ἆυ
194 221 400 282 οὖδετᾷρφ
424 223 471 270 τὸ
496 224 620 266 πλέον
643 221 753 278 ἔχων
779 223 897 279 ἡμῶν
923 224 1076 274 ἐκεῖνος
1099 219 1153 266 ἂν
1183 220 1355 280 φανείη,
1397 222 1557 276 μᾶλλον
1567 223 1606 258 Α-
1622 222 1658 257 C·
1677 223 1765 268 ¹329

130 287 269 345 δὴτῷ
292 288 373 341 μὲν
400 287 598 341 οὔὸαμῶς
633 288 854 331 λείπεσθαι
886 291 1116 343 βασιλέως,
1167 290 1226 347 τῷ
1255 284 1382 346 ἑτέρῳ
1419 288 1467 330 δέ
1499 302 1568 330 σοι

129 353 362 409 σηᾷέβηκε
385 355 502 411 νικᾷν
530 354 768 410 παραπολύ.
823 357 897 410 τῆς
927 353 1008 410 γάρ
1050 349 1177 410 ἄλλης
1203 356 1286 397 τῶν
1318 351 1572 411 πραγμάτων

70 458 83 474 ,
130 415 372 475 διοικὴσεως
395 413 518 461 οὖδὲν
549 419 720 462 ἔλαττον
746 415 774 476 ἢ
796 419 1000 477 πρότερον
1025 417 1081 469 ὥς
1110 421 1315 476 προσῆκον
1342 419 1568 474 γινομένης,

72 477 79 486 ’
99 484 177 533 53⁸·
193 489 280 534 τοῖς
302 486 498 538 πολέμοις
521 487 595 528 καί
614 492 706 536 ταῖς
722 486 957 542 στρατείαις
977 485 1096 539 πολύλ
1110 486 1320 542 προέχεις,
1348 483 1474 534 αὐτὸς
1497 486 1604 541 ἐφὈ

126 546 265 595 ἅπασι
290 549 437 606 παρών
475 550 550 593 καί
578 557 821 607 στρατηγοῖς
853 551 1070 608 χρώμενος
1107 551 1314 606 βελτίοσιν
1342 547 1371 607 ἢ
1403 552 1569 603 ἐκεῖνος,

127 611 186 666 ὥς
207 616 254 668 ἐξ
279 614 423 658 αὐτῶν
450 618 534 658 τῶν
560 614 693 673 ἔργων
721 617 878 671 ἐγένετο
911 619 1177 673 καταφανὲς,
1227 613 1357 659 αὐτοῦ
1382 614 1569 659 ταπολλὰ

127 682 204 724 καὶ
226 680 431 738 πρότερον
449 682 738 738 οζκουροῦπος
759 678 899 739 ὥσπερ
926 684 1040 729 νῧν”.
1068 677 1155 725 Ἔτι
1176 684 1223 725 δὲ
1244 680 1450 737 τὸνλόγον
1466 686 1569 736 βου-

125 747 304 800 λομένου
334 746 412 788 τοῦ
438 747 624 802 μεγάλου
662 748 870 804 συνείρειν
903 747 1147 801 ὃομεστίκου
1187 750 1261 790 καί
1298 747 1369 790 διὰ
1404 749 1566 790 πολλῶν
1579 755 1618 791 V.
1634 755 1704 790 206

28 827 53 863 ς
71 811 426 856 ,ιοᾶποδεικνύναι
451 810 511 868 μὴ
539 808 584 854 ’ὃν
611 814 822 862 λυσιτελὲς
847 810 948 869 πρὸς
983 815 1066 856 τῶν
1098 814 1358 870 πραγμάτων
1384 811 1461 869 τὴν
1492 812 1571 868 ἆρ-

32 872 38 877 ’
123 874 208 934 χὴν
232 871 362 927 αὖθις
377 876 600 932 ἐπανάγειν
619 875 688 920 τὸν
708 877 990 934 πρεσβύτερον
1011 874 1294 933 Ἀνδρόνικον,
1324 876 1345 920 ὅ
1363 880 1454 926 νέος
1479 879 1570 920 ἐπι-

127 941 290 986 κόπτων
315 940 540 998 βασιλεὺς,
581 944 717 986 ταῦτα
746 944 825 997 μὲν
853 941 935 999 ἔφη
971 942 1045 985 καί
1076 940 1204 994 αὐτὸς
1231 942 1396 986 οἴεσθαι
1432 940 1570 1000 ὀρθῶς

127 1005 264 1062 ἔχειν,
298 1005 371 1050 καί
396 1005 552 1051 τούτων
583 1010 703 1052 ἕνεκα
731 1005 902 1059 οὐδενὸς
932 1010 989 1067 τῷ
1017 1006 1172 1067 πάππῳ
1197 1010 1359 1052 ἐθέλειν
1391 1007 1571 1065 ἐγχειρί-

130 1074 216 1125 ζειν
236 1070 311 1129 τὴν
340 1069 487 1130 ἆρχὴν·
543 1072 647 1117 ἀλλὰ
676 1074 840 1131 πρώτου
875 1076 980 1128 μὲν,
1018 1077 1095 1116 τοῦ
1116 1073 1176 1130 μὴ
1209 1073 1308 1124 τούς
1329 1073 1463 1117 πάντα
1497 1075 1572 1116 εὖ·-

46 1157 50 1159 ·
81 1139 269 1195 ιόχερεῖς
309 1141 383 1181 καί
409 1138 600 1196 φαύλους
621 1137 695 1182 καὶ
727 1138 1008 1196 ὃιεφθορότας
1041 1139 1099 1190 ὥς
1135 1140 1181 1182 ἐκ
1217 1139 1413 1196 προνοίας
1441 1135 1572 1190 αὐτὸς

129 1201 210 1255 καὶ,
224 1204 412 1258 σκέψεως
432 1198 659 1260 ἐπιβούλου
685 1202 760 1260 τῆν
788 1203 924 1261 ἀρχήν
950 1204 1226 1261 παρειλόμην,
1263 1207 1469 1259 βασιλέως
1486 1215 1613 1262 ,my-D

92 1276 97 1282 “
129 1267 280 1327 δεμίαν
301 1268 515 1326 πρόφασιν
546 1267 649 1328 πρὸς
675 1268 749 1313 τὸν
770 1267 951 1324 πόλεμον
976 1273 1321 1326 παρεσχημένου,
1362 1270 1574 1314 δύνασθαι

128 1331 360 1389 λογοποιεῖν
389 1335 463 1378 καὶ
482 1337 644 1379 πείθειν
664 1335 773 1386 τοὺς.
791 1336 982 1386 πολλούς·
1040 1338 1238 1392 δευτέρου
1274 1337 1346 1390 δὲ,
1385 1338 1461 1378 τοῦ
1488 1335 1574 1390 μά-

127 1402 254 1446 λιστα
277 1399 515 1456 βούλεσθαι
539 1403 613 1444 καί
639 1401 708 1444 διὰ
739 1403 924 1458 σπουδῆς
949 1399 1086 1457 ἐγειν,
1127 1399 1234 1443 ἅττα
1259 1395 1311 1444 ἂν
1336 1397 1367 1459 ᾗ
1386 1401 1573 1455 μάλιστα

0 1486 51 1513 με,
75 1464 236 1523 ποπρός
274 1464 427 1524 ἡδονὴν
454 1467 528 1510 καὶ
562 1467 689 1525 τιμὴν
719 1470 777 1526 τῷ
805 1467 995 1523 βασιλεῖ,
1047 1469 1184 1510 ταῦτα
1221 1467 1574 1523 καταπράξασθαι

127 1531 218 1586 ἐμέ.
273 1531 418 1587 οἴομαι
450 1535 498 1577 δὲ
526 1536 635 1590 μηδὲ
661 1535 838 1589 βασιλέα
867 1531 948 1590 πρὸ
980 1535 1056 1576 τοῦ
1087 1529 1234 1591 ἄρχειν
1270 1535 1355 1577 ταῖν
1380 1532 1576 1590 πραγμά-

127 1613 211 1640 των
234 1597 378 1655 ἕτερόν
401 1614 444 1640 τι
464 1597 566 1655 μήτε
590 1598 821 1654 βούλεσθαι
847 1598 954 1655 μήτε
982 1594 1108 1654 ἄγειν.

239 1661 288 1705 κ’.
341 1657 486 1714 Αὖθις
524 1665 571 1707 δὲ
612 1662 635 1706 ὅ
672 1667 801 1719 μέγας
836 1662 1174 1718 ὃομέστικοςτὸν
1202 1663 1322 1719 λόγον
1351 1661 1707 1719 ἄναλαβώνΡ.957

129 1726 250 1784 ,,Τῆν
284 1729 365 1782 μὲν
396 1727 529 1785 ἒμὴν”
566 1726 679 1772 εἶπεν
716 1726 914 1785 ,,εἰι’νοιαν
941 1729 1043 1787 πρὸς
1069 1731 1246 1784 βασιλέα
1270 1730 1342 1772 καί
1367 1729 1575 1786 σπουδὴν,

130 1862 341 1910 urbanaque
365 1868 462 1898 recte
489 1862 759 1906 administrare,
797 1864 836 1898 in
865 1868 995 1898 neutro
1026 1864 1104 1909 ipse
1135 1862 1241 1897 nobis
1273 1863 1438 1908 superior
1459 1861 1576 1896 videri

159 1916 264 1945 ucat:
291 1911 363 1945 imo
382 1922 467 1944 vero
489 1911 528 1945 in
546 1912 660 1946 altero
681 1911 776 1945 nihil
795 1911 853 1944 illi
878 1911 1024 1951 cedere,
1050 1912 1090 1944 in
1113 1911 1226 1944 altero
1250 1911 1356 1955 longo
1382 1909 1573 1943 intervallo

129 1921 236 1991 iilum
267 1955 454 2004 antegredi
487 1959 650 2004 contigit.
708 1958 798 1992 Nam
827 1970 907 1991 cum
935 1958 1050 1991 civilis
1075 1963 1136 1991 tua
1164 1956 1430 1990 administratio
1457 1966 1573 2001 aeque

129 2003 244 2050 proba
273 2005 340 2046 sit,
371 2009 412 2038 ut
435 2005 535 2038 illius
560 2011 645 2039 ante
669 2005 760 2048 fuit,
797 2005 930 2039 virtute
957 2003 1223 2050 prudentiaque
1246 2003 1397 2037 militari
1419 1996 1577 2035 multum*

130 2050 339 2093 antecellis,
375 2051 454 2096 ipse
481 2063 650 2098 praesens
686 2051 854 2085 omnibus
889 2057 926 2086 et
957 2051 1236 2095 praestantiores
1276 2050 1384 2084 duces
1419 2048 1572 2090 habens,

131 2107 241 2143 quam
269 2097 333 2131 ille
361 2096 511 2131 habuit:
547 2099 588 2132 id
612 2098 710 2145 quod
738 2098 845 2132 rebus
867 2098 955 2143 ipsis
977 2098 1112 2142 patuit,
1150 2108 1231 2130 cum
1258 2093 1356 2141 ipse,
1395 2094 1573 2140 quemad-

128 2142 279 2178 modum
299 2156 414 2186 nunc,
446 2147 499 2178 ita
528 2150 635 2178 antea
658 2145 755 2178 domi
780 2146 993 2191 plerumque
1021 2143 1221 2177 delituerit.
1268 2141 1427 2178 Volebat
1446 2141 1572 2175 dome-

130 2190 242 2224 sticus
267 2202 468 2225 sermonem
493 2193 704 2225 continuare
735 2204 775 2225 ac
803 2191 969 2236 pluribus
997 2190 1145 2230 docere,
1179 2188 1448 2223 incommodum
1479 2188 1570 2228 fore,

129 2236 267 2271 seniori
292 2237 499 2272 Andronico
531 2239 722 2283 imperium
755 2237 926 2279 reddere,
971 2242 1054 2271 cum·
1083 2237 1321 2281 interpellans
1346 2236 1488 2276 iunior,
1532 2245 1570 2267 se

128 2281 396 2328 his'astipulari
416 2285 528 2318 dixit:
555 2285 602 2319 ob
623 2286 760 2318 nullam
782 2291 902 2318 tamen
922 2283 1050 2317 harum
1073 2294 1256 2317 causarum
1273 2294 1337 2316 avo
1369 2281 1569 2315 decrevisse

128 2330 325 2375 imperium
346 2330 558 2365 restituere:
587 2331 651 2366 sed
675 2333 848 2376 primum,
883 2342 930 2364 ne
951 2330 1147 2370 levissimi,
1179 2329 1437 2375 improbissimi
1460 2334 1568 2372 atque

129 2376 390 2422 corruptissimi
420 2376 587 2411 homines
617 2378 735 2423 ipsum
778 2379 878 2412 velut
912 2377 956 2411 de
991 2376 1168 2410 industria
1203 2381 1240 2410 et
1274 2387 1355 2409 cum
1391 2374 1567 2408 insidiosa

129 2421 400 2458 machinatione
429 2434 532 2457 avum
561 2425 743 2458 insontem
789 2424 942 2469 imperio
973 2425 1115 2457 exuisse
1152 2422 1377 2457 comminisci
1417 2426 1454 2454 et
1487 2421 1568 2453 aliis

129 2474 370 2503 commentum
393 2482 497 2504 suum
517 2472 731 2516 persuadere
759 2474 907 2515 possint.
963 2469 1105 2504 Deinde
1136 2471 1222 2515 quia
1247 2471 1407 2514 impense
1435 2478 1568 2500 concu-

127 2515 247 2561 piscat
276 2521 314 2550 et
341 2516 503 2551 studiose
531 2524 702 2559 conetur,
739 2524 779 2550 ut
806 2529 898 2564 quae
927 2517 983 2551 illi
1014 2515 1232 2550 iucunditati
1263 2521 1299 2549 et
1323 2514 1451 2548 honori
1479 2514 1565 2553 sint,

115 2572 174 2595 fea
191 2567 366 2607 praestet:
404 2563 526 2597 credat
558 2570 700 2606 autem,
739 2575 820 2598 eum
854 2563 950 2598 nihil
981 2574 1100 2610 neque
1131 2563 1256 2603 malle,
1290 2572 1408 2607 neque
1435 2559 1565 2592 melius

129 2605 285 2650 ducere,
310 2620 418 2656 quam
438 2610 625 2654 imperare.

223 2663 279 2689 πο.
326 2655 517 2701 Excipiens
535 2667 682 2702 magnus
705 2656 922 2691 domesticus
952 2656 1003 2691 sic
1025 2656 1094 2691 ait:
1136 2653 1428 2688 Benevolentiam
1456 2656 1566 2696 atque

129 2698 290 2736 studium
312 2711 436 2738 meum
465 2713 546 2749 erga
577 2703 832 2750 imperatorem
861 2714 986 2746 avum,
1021 2707 1058 2738 et
1084 2701 1266 2750 quomodo
1293 2699 1388 2734 nihil
1412 2698 1568 2745 optarim
