1832 3138
313 145 418 212 164
832 157 1203 202 CANTAcUzmx

111 264 305 302 A.C.1322
319 262 468 318 νήσας,
506 258 612 302 α’λλὰ
643 257 717 302 καὶ
742 258 926 314 νομίζων
949 255 1283 316 εὗεργετεῖσθαι,
1310 257 1356 302 τὸ
1388 258 1597 314 ἐπίταγμα
1626 255 1754 313 ἐπλῆ-
1807 252 1812 255 ⁸

305 341 408 384 ρουν
437 324 484 367 τὸ
511 325 598 367 σὸν·
637 323 711 366 καί
735 325 835 378 νῦν,
876 324 1012 367 καίτοι
1034 340 1080 380 γε
1107 326 1181 379 τῆς
1208 326 1410 379 στρατιᾶς
1436 322 1571 366 πολλὰ
1599 325 1754 378 δυσχε-

306 390 550 448 ραινόντων,
580 391 650 447 ἐφ’
672 386 735 440 οἷς
759 391 1003 446 ἐπεχείρουν
1031 389 1208 442 πείθειν,
1237 389 1294 440 ὥς
1322 390 1504 445 ἀκριβῶς
1531 387 1647 446 παρὰ
1675 391 1755 431 τοῦ

306 458 519 512 πρέσβεως
545 457 747 513 μαθήσῃ,
789 452 810 497 ὃ
851 458 1167 512 προστέταχας,
1204 454 1277 496 καί
1301 457 1406 496 θεοῦ
1433 456 1752 523 ιζυναιρομένου,

303 517 456 577 ἤγαγον
486 519 591 578 πρὸς
630 521 775 577 πέρας.
822 522 867 564 ἐν
899 523 980 574 μὲν
1009 516 1089 562 οὖνι
1117 525 1210 570 ταῖς
1248 521 1320 562 ἐπὶ
1351 521 1402 576 τῇ
1441 521 1520 561 τοῦ
1547 521 1778 576 προτέρουὸ

265 588 485 640 Βπολέμου
525 587 752 628 καταθέσει
806 587 1005 635 σπονδαῖς
1042 583 1089 628 τὸ
1126 582 1207 627 άπὸ
1250 584 1602 641 Χριστουπόλεως
1649 578 1754 638 ἄχρι

303 652 544 707 Σηλυβριας
572 651 631 701 εἷς
661 651 775 693 ἰδίαν
802 649 941 707 οἷρχὴν
966 650 1345 707 περιεποιησάμην,
1375 645 1425 691 οὖ
1452 648 1644 702 δεόμενος
1672 647 1753 690 αὗ-

300 714 394 770 τός,
425 714 532 758 ἄλλά
565 717 620 758 δι’
649 714 701 766 ιῖς
728 713 845 759 εἶπον
874 715 1013 766 αἰτίας
1040 714 1130 758 τότε
1159 711 1290 764 οὔσας
1320 711 1560 769 οἷναγκαίας.
1586 715 1682 756 νυνί
1703 714 1752 755 δὲ

241 790 246 796 ”
301 780 499 834 συνιδών,
528 780 587 832 ὥς
614 782 640 836 ἧ
672 782 744 823 ἐπὶ
769 787 856 831 τοῖς
874 781 1079 830 τοιούτοις
1105 779 1248 836 εἰρήνη
1279 777 1389 836 ἆρχὴ
1409 780 1582 835 κατέστη
1609 779 1752 821 δευτέ-

301 862 380 901 ρου
408 849 607 900 πολέμου·
634 846 693 903 (οἱ
719 845 799 903 γὰρ
830 844 1091 903 συκοφάνται
1115 847 1187 888 καί
1207 844 1340 888 κοινοὶ
1363 846 1557 898 πολέμιοι
1588 842 1662 886 καὶ
1680 836 1813 900 ἰ-ἦςιοι

295 911 515 965 Ῥωμαίων
563 910 696 967 τύχης
737 912 914 968 οἷφανεῖς
949 914 1159 964 λυμεῶνες
1193 908 1297 967 ὕλης
1335 909 1641 966 εὗπορήσαντες
1677 909 1753 951 καὶ
1771 947 1774 951 .

299 975 458 1026 πολλὰς
488 978 626 1025 αἰτίας
656 976 917 1031 πλασάμενοι
943 978 1016 1018 καί
1038 975 1252 1030 διαβολάς,
1281 974 1510 1032 ἐξώργισαν
1532 976 1624 1017 κατ’
1646 974 1752 1028 ἐμοῦ

300 1045 374 1083 καί
400 1041 508 1099 πρὸς
535 1041 718 1096 πόλεμον
746 1041 991 1098 ἐξώρμησαν
1017 1042 1060 1091 ἐξ
1100 1042 1301 1095 οὖδεμιᾶς
1330 1042 1468 1091 αἰτιόίς
1495 1041 1747 1098 ἐμφανοῦς,)

302 1108 443 1157 δείσας
470 1106 529 1163 μὴ
571 1107 644 1149 καί
670 1103 798 1156 αὖθις
824 1106 899 1162 τήν
925 1108 1136 1171 προτέραν
1173 1113 1327 1163 μοῖραν
1355 1107 1430 1162 τῆς
1458 1106 1594 1163 ἀρχῆς
1621 1098 1752 1162 ἢγκαί

303 1171 444 1223 πλεῖόν
482 1189 522 1214 τι
564 1170 950 1228 ἰδιοποιησάμενος,
998 1170 1199 1228 ἀφορμάς
1232 1171 1359 1214 πάλιν
1409 1177 1497 1222 τοῖς
1534 1173 1803 1228 συκοφαν-ιό

266 1243 393 1280 (Ζτεϊν
418 1239 613 1279 ἐθέλουσι
641 1237 877 1293 παράσχω,
907 1236 980 1278 καί
1004 1236 1263 1289 πλασάμενοι
1291 1236 1515 1290 διαβολὰς,
1544 1234 1651 1292 πρὸς
1676 1233 1752 1278 τὸν

302 1304 389 1345 κατ’
420 1303 525 1356 ἐμοῦ
553 1300 729 1356 πόλεμόν
757 1318 804 1344 σε
834 1303 1082 1359 ἐρεθίσωσιν
1111 1296 1263 1355 αὖθις,
1304 1298 1402 1356 ὅπερ
1442 1302 1751 1357 ἐπαχθέστερον

301 1368 400 1422 ἐμοὶ
443 1367 656 1410 θανάτου·
703 1369 845 1424 φέρων
883 1365 967 1408 ὕπὸ
1011 1366 1086 1423 τὴν
1125 1366 1204 1422 σὴν
1245 1366 1437 1417 ἐξουσίαν
1477 1366 1751 1423 παραδίδωμι

301 1433 464 1485 πάντα,
515 1429 563 1474 οὗ
592 1431 729 1482 πόλεις
755 1430 883 1485 μόνον
920 1431 992 1473 καί
1015 1431 1162 1488 χώραν
1203 1433 1274 1473 καί
1315 1431 1540 1487 δημοσίους
1577 1429 1749 1488 φόρους,

301 1494 410 1539 ἀλλὰ
440 1496 512 1539 καὶ
538 1495 666 1539 αὕτὸν
693 1497 767 1554 ἐμὲ
793 1495 901 1550 μετὰ
930 1497 1097 1539 πάντων
1124 1490 1184 1539 ὧν
1212 1492 1312 1551 ἄγω,
1341 1495 1415 1537 καί
1438 1494 1483 1538 τὸ
1508 1495 1591 1550 ἀπὸ
1621 1497 1802 1538 τοῦδε20

302 1562 372 1605 σοι’
396 1564 494 1619 περὶ
521 1563 595 1618 τῆς
636 1562 877 1618 διοικήσεως
904 1560 1070 1604 πάντων
1095 1563 1270 1617 μελήσει
1298 1563 1454 1604 ἕκαστα
1483 1563 1746 1620 σκεψαμένῳ.

301 1629 378 1670 τοῦ
404 1630 546 1681 μέντοι
582 1629 893 1682 μισθοφορικοῢ
919 1629 993 1682 τῆς
1021 1629 1222 1683 στρατιᾶς
1249 1625 1321 1668 τὸν
1357 1625 1515 1680 μισθὸν
1543 1624 1747 1682 αὐξήσας,

300 1693 510 1748 παρέσχον
547 1690 621 1733 καί
650 1693 727 1747 γῆς
768 1689 923 1750 ἑκάστῳ
964 1693 1128 1748 πλέθρα
1153 1692 1345 1749 χρυσίων
1374 1693 1488 1733 δέκα.
1539 1690 1636 1747 περὶ
1669 1692 1749 1745 μὲν
1802 1696 1805 1703 ’

301 1802 634 1844 contradicentem,
673 1813 794 1848 neque
820 1801 996 1835 curiosius
1033 1806 1338 1846 perscrutantem,
1379 1801 1444 1835 sed
1467 1800 1683 1836 heneficium
1707 1800 1748 1836 id

302 1849 591 1890 existimantem,
634 1849 711 1881 eius
735 1851 832 1882 iussa
856 1849 1056 1893 peregisse3
1093 1853 1130 1881 et
1153 1859 1250 1881 nunc
1275 1858 1421 1894 quoque
1451 1849 1613 1894 quamvis
1641 1859 1749 1882 exer-

301 1896 376 1928 citu
402 1896 556 1927 multum
581 1901 768 1928 aversante
807 1896 1012 1935 consilium,
1038 1893 1138 1940 quod
1171 1899 1212 1927 tu
1245 1894 1302 1927 illi
1339 1899 1504 1927 accurate
1534 1893 1747 1936 declarabis,

301 1952 395 1987 quae
418 1942 597 1982 voluerit,
638 1943 715 1974 Deo
741 1941 836 1974 bene
864 1941 1031 1981 iuvante,
1073 1940 1212 1974 exitum
1247 1951 1324 1974 esse
1349 1944 1548 1975 consecuta.
1597 1941 1639 1973 In
1663 1941 1745 1974 foe-

302 1988 387 2021 dere
412 1988 536 2032 itaque
551 1993 700 2032 propter
723 1988 874 2027 bellum,
888 1986 987 2032 quod
1011 1988 1222 2027 antecessit,
1246 1987 1501 2027 omittendum,
1525 1985 1624 2032 quod
1647 1986 1745 2021 inter

302 2033 552 2078 Christopolin
587 2039 624 2066 et
659 2034 862 2077 Selybriam
894 2039 1070 2067 terrarum
1107 2033 1317 2073 interiacet,
1357 2044 1432 2066 non
1467 2033 1553 2078 quia
1589 2043 1742 2077 egerem,

301 2079 365 2112 sed
390 2079 437 2112 ob
462 2081 619 2113 rationes
657 2081 901 2120 necessarias,
938 2091 1026 2125 quas
1054 2079 1199 2123 aperui,
1231 2078 1322 2112 mihi
1354 2080 1393 2112 in
1418 2078 1658 2124 principatum
1685 2091 1744 2113 as·

302 2126 409 2158 serui.
459 2126 536 2159 Hoc
565 2131 685 2159 autem
708 2132 883 2171 ternpore,
909 2126 994 2159 dum
1017 2126 1196 2170 perspicio
1221 2136 1346 2170 pacem
1366 2126 1440 2159 illis
1466 2124 1741 2161 conditionibus

301 2172 544 2212 conciliatam,
573 2172 671 2205 bello
686 2183 779 2205 novo
804 2171 946 2206 dedisse
974 2173 1135 2212 initium,
1158 2170 1446 2217 (calumniatores
1473 2171 1571 2205 enim
1587 2176 1625 2204 et
1641 2183 1741 2205 com-

301 2229 428 2252 munes
464 2219 606 2251 inimici
647 2220 883 2264 occultaeque
922 2220 1099 2251 Romanae
1136 2218 1304 2252 fortunae
1353 2222 1473 2264 pestes
1515 2218 1742 2252 occasionem

298 2266 419 2305 nacti,
454 2265 578 2298 multis
606 2265 820 2298 criminibus
857 2265 1041 2305 confictis,
1076 2264 1182 2297 illum
1214 2269 1426 2297 contra me
1459 2263 1739 2307 inflammarunt,
1787 2290 1790 2294 ,

299 2317 337 2344 et
359 2311 405 2344 ad
429 2322 525 2344 arma
551 2311 639 2344 citra
663 2312 775 2344 ullam
799 2322 940 2344 causam
970 2310 1197 2344 manifestam
1220 2310 1438 2355 instigarunt
1449 2310 1474 2356 ‚)
1512 2311 1641 2347 timere
1668 2322 1739 2352 me,

299 2368 346 2390 ne
371 2358 401 2390 si
426 2358 556 2390 iterum
581 2357 771 2401 pristinam
804 2363 942 2401 partem
973 2357 1138 2402 imperii,
1171 2361 1233 2389 aut
1258 2367 1299 2390 ea
1324 2358 1404 2401 plus
1441 2358 1551 2391 etiam
1580 2355 1672 2390 mihi
1697 2363 1739 2391 ut

297 2405 481 2448 propriam
515 2403 751 2443 vindicarim‚
788 2415 909 2438 rursus
947 2402 1028 2436 dem
1061 2414 1261 2437 sermonem
1293 2404 1476 2438 criminari
1503 2403 1737 2438 volentibus:

298 2456 336 2483 et
363 2450 419 2483 illi
444 2446 642 2483 mendaciis
669 2452 742 2483 suis
772 2450 819 2483 ad
849 2450 986 2482 bellum
1010 2450 1048 2483 in
1071 2461 1137 2483 nos
1153 2449 1198 2483 de
1222 2451 1373 2495 integro,
1388 2450 1508 2494 ipsum
1532 2449 1739 2494 proritent3

298 2495 398 2542 quod
422 2497 569 2541 quidem
593 2502 708 2530 morte
740 2498 818 2540 ipsa
850 2497 1002 2529 amarius
1034 2496 1150 2529 soret:
1188 2495 1272 2529 ideo
1301 2495 1367 2529 sub
1406 2496 1738 2540 eiuspotestatem

299 2543 478 2576 subiicere
502 2554 559 2577 me
583 2544 723 2585 omnia;
746 2555 821 2576 non
846 2543 952 2576 urbes
978 2543 1167 2582 dumtaxat
1199 2547 1236 2575 et
1259 2543 1442 2588 regionem
1467 2547 1504 2576 et
1526 2542 1735 2587 vectigalia,

298 2589 363 2622 sed
396 2600 453 2622 me
493 2589 610 2633 ipsum
633 2590 781 2634 insuper
815 2600 895 2621 cum
929 2594 1022 2630 toto,
1048 2589 1155 2635 quem
1179 2588 1284 2629 duco,
1323 2589 1504 2623 exercitu:
1534 2593 1572 2622 et
1594 2598 1639 2621 ex
1665 2587 1738 2623 hoc

297 2640 462 2680 tempore
487 2635 542 2668 illi
570 2636 719 2679 singulis
741 2635 960 2680 exploratis,
984 2636 1235 2668 universorum
1257 2634 1607 2669 administrationem
1629 2645 1735 2669 curae

299 2681 466 2714 futuram.
515 2682 772 2715 Verumtamen
795 2681 976 2727 ‚stipendia
1003 2683 1307 2715 mercenariorum
1328 2682 1484 2715 militum
1512 2681 1655 2715 auxisse
1677 2691 1736 2721 gne

300 2731 337 2761 et
367 2729 563 2774 assignasse
602 2727 754 2763 cuilibet
793 2728 867 2773 agri
904 2727 1073 2768 modum,
1118 2728 1216 2762 unde
1240 2728 1340 2761 aurei
1378 2727 1566 2774 capiantur
1601 2726 1735 2761 decem.
