1820 3164
272 66 388 136 486
801 66 1172 124 CANTAcqum

87 188 170 226 ΑΒ.
187 190 397 235 ι334καιαν
426 184 787 237 ἀποκεκλεισμένοι
814 186 1113 238 πολιορκεῖσθε,
1141 179 1342 237 οὐδεμίαν
1370 180 1709 242 ἶς’χοντεςοέλπίδα

272 253 447 306 βεβαίαν
469 250 691 304 σωτηρίας.
711 247 770 303 μὴ
789 245 1014 304 θαυμάσῃς
1042 249 1102 301 δὲ,
1129 249 1169 291 εἶ
1183 247 1391 304 μηδεμίαν
1417 244 1534 291 εἶπον
1558 247 1711 304 ἐλπίδα

275 314 451 370 βεβαίαν
467 313 674 369 σωτηρίας
691 311 802 367 ὑμᾶς
820 313 945 368 ἔχειν,
973 311 1107 355 καίτοι
1121 313 1406 369 καρτερώτατα
1427 310 1712 367 ἀμυνομένους

150 386 185 422 Ρ.
193 385 265 425 296
274 377 354 422 ἆπὸ
373 381 454 420 ταῖν
471 380 621 432 τειχῶν
639 377 713 420 καί
732 379 942 433 μηδεμίαν
961 372 989 433 ἢ
1007 374 1144 432 ὀλίγην
1163 379 1319 433 βλάβην
1337 375 1617 432 ὑπομένοντας
1631 370 1713 418 dmi

273 460 319 486 τε
345 445 428 486 τῶν
455 441 732 486 ἐκπιπτόντων
751 445 823 498 τῆς
841 445 1030 498 μηχανῆς
1057 442 1187 484 λίθων
1212 444 1284 484 καί
1314 441 1396 485 τῶν
1413 439 1626 498 κλιμάκων
1642 442 1738 485 καί5

273 510 358 552 τῶν
383 503 520 550 ἄλλων
544 508 746 563 μηχανῶν
772 509 857 551 τῶν
872 506 977 562 κατὰ
1006 505 1083 557 τοὶς
1103 505 1262 562 συχνὰς
1287 507 1557 562 τειχομαχίας
1582 521 1715 563 προσ-

274 575 503 627 αγομένων.
561 569 768 625 ἀποδείξω
796 572 876 629 γὰρ
926 574 1168 629 σαφέστατα
1196 571 1306 625 ὑμᾶς
1334 571 1384 613 οῦ
1407 569 1515 614 πολὺ
1540 571 1714 626 ἀπέχον·

274 655 349 688 τας
376 640 455 680 τοῦ
482 639 527 681 ἐν
554 637 745 692 ἐσχάτοις
770 636 978 687 κινδύνοις
1001 633 1120 680 εἶναι.
1173 638 1301 693 τριῶν
1327 634 1406 693 γὰρ
1432 630 1579 691 ὄντων,
1604 633 1634 681 ἃ
1661 631 1714 678 ἂν

272 700 458 757 μάλιστα
488 701 708 754 διασώζειν
733 701 903 745 δύναιτο
930 701 1031 752 τούς
1057 703 1437 758 πολιορκουμένους,
1464 700 1549 744 τοῦ
1567 703 1615 745 τό
1639 717 1714 744 πο·-

273 771 350 811 θεν
381 767 538 820 ἔξωθεν
566 769 824 811 ἐπελθοῦσαν
853 769 1029 822 δύναμιν
1056 766 1159 816 τούς
1184 768 1505 822 πολιορκοῦντας
1529 766 1769 826 οἷνιστᾷν,ιο

274 835 348 876 καί
373 836 450 876 τοῦ
489 833 699 890 ἀφθονίαν
738 833 852 876 σίτου
898 836 970 876 καί
995 835 1079 875 τῶν
1108 828 1245 875 ἄλλων
1274 833 1519 887 ἐπιτηδείων
1544 829 1718 887 ἔχοντας

274 898 378 951 μετὰ
408 899 621 956 ῥᾳστώνης
649 897 724 954 τὴν
762 900 1005 956 πολιορκίαν
1044 900 1282 955 διαφέρειν,
1329 895 1404 940 καὶ
1434 895 1602 955 τρίτου,
1642 888 1721 940 τοῦ

246 963 348 1006 Βτὸν
375 966 674 1019 πολιορκοῦντα
706 963 915 1007 ἀδύνατον
942 960 1052 1006 εἶναι
1079 965 1443 1019 προσκαθέζεσθαι
1477 959 1506 1019 ἢ
1533 964 1589 1006 δι’
1617 961 1719 1005 dno-

276 1030 376 1084 ρίαν
417 1025 707 1082 ἀναλωμάτων
748 1025 777 1086 ἧ
820 1028 889 1070 διὰ
918 1030 1206 1085 μικροψυχίαν
1231 1023 1259 1083 ἦ
1287 1043 1382 1071 τινα
1411 1029 1548 1071 αἰτίαν
1575 1022 1719 1084 ἄλλην,

276 1091 355 1148 ἐγώ
394 1093 496 1146 ’ὑμῖν
538 1091 694 1149 προσὸν
733 1091 933 1144 ἀποδείξω
971 1092 1128 1136 τούτων
1166 1093 1267 1135 οῦδὲ
1302 1095 1369 1136 ἓν.
1440 1092 1620 1149 τήνμὲν
1647 1087 1772 1136 οῦνιὸ

143 1156 373 1207 ν-ἰῑῖ·37ἰ’σως
401 1154 453 1201 ἂν
480 1160 736 1201 ἐπελθοῦσαν
763 1158 921 1210 ἔξωθεν
940 1158 1141 1214 βοήθειαν
1168 1159 1268 1213 ὑμῖν
1289 1155 1525 1212 οῦδαμόθεν
1546 1153 1720 1201 ἄλλοθεν

274 1218 326 1268 ἄν
342 1240 404 1273 τις
424 1225 584 1281 οἰηθείη
603 1220 631 1279 ἢ
650 1227 695 1267 ἐκ
710 1227 750 1267 Γ
749 1224 917 1274 εννούας
928 1258 940 1278 ,
964 1221 1031 1269 οἷα
1056 1223 1105 1280 δὴ
1132 1223 1356 1281 ὁμοφύλων
1377 1219 1501 1267 ὄντων
1525 1221 1627 1278 ὖμῖν
1648 1224 1722 1265 καὶ

272 1291 505 1343 συγγενῶν·
559 1291 681 1332 τοῦτο
710 1291 758 1331 δὲ
785 1290 982 1332 τοσοῦτον
1018 1286 1164 1343 ἀπέχει
1200 1293 1275 1332 τοῦ
1302 1286 1408 1332 εἶναι
1436 1287 1590 1346 ἀληθὲς
1615 1285 1643 1345 ἢ
1669 1287 1719 1332 ὖ-

274 1356 358 1407 μιῖς
388 1353 552 1396 οἴεσθαι
580 1354 777 1408 ἐλπίζειν,
805 1351 912 1396 ὥστε
937 1354 1177 1397 τούναντίον
1202 1356 1362 1408 μᾶλλον
1380 1357 1450 1412 ἐφ’
1467 1354 1584 1408 ὑμᾶς
1601 1353 1718 1396 ἔλεύ·

274 1435 417 1460 σονται
454 1420 600 1462 ἐκεῖνοι
637 1417 1021 1475 ἐκπολιορκήσοντες
1059 1419 1116 1467 ὥς
1143 1420 1369 1472 πολεμίους
1395 1421 1455 1477 τῷ
1481 1421 1621 1478 κοινῷ,
1667 1415 1772 1467 ἂν2ο

272 1484 415 1540 κελεύῃ
444 1482 665 1537 βασιλεύς.
721 1482 809 1528 ἴστε
844 1483 924 1540 γὰρ
956 1482 1006 1539 δὴ
1035 1486 1282 1540 σαφέστατα
1318 1483 1441 1538 ὑμεῖς
1468 1482 1525 1534 ὥς
1551 1485 1597 1527 ἐν
1621 1491 1721 1537 ταῖς

272 1548 504 1604 συνθήκαις
531 1547 603 1590 καί
623 1555 710 1598 τοῖς
739 1545 888 1605 ὅρκοις,
921 1547 994 1598 οὓς
1019 1547 1122 1605 πρὸς
1147 1547 1222 1605 την
1249 1549 1466 1604 βασιλείαν
1488 1550 1716 1604 “Ρωμαίων

242 1614 306 1668 cvj
335 1612 464 1669 βουλή
494 1612 567 1655 καί
592 1612 616 1654 ὅ
654 1615 783 1668 δῆμος
817 1612 934 1656 ἔθετο
962 1615 1004 1656 Γ
1001 1613 1171 1664 εννοῦας
1206 1613 1279 1656 ἐπὶ
1313 1617 1363 1672 τῇ
1402 1614 1569 1673 εἰρήνῃ,
1615 1613 1722 1672 πρὸς

274 1685 362 1728 τοῖς
389 1673 529 1727 ἄλλοις
555 1678 844 1735 περιείληπται
871 1678 944 1721 καί
969 1682 1120 1733 τοῦτο,
1167 1678 1215 1722 τὸ
1240 1678 1298 1737 μὴ
1336 1679 1463 1735 μόνον
1494 1678 1544 1724 τὸ
1579 1679 1718 1724 κοινὸν

279 1740 421 1787 αὐτῶν
447 1746 654 1799 μηδεμιάν
682 1743 842 1800 βλάβην
870 1741 899 1800 ἢ
933 1743 1087 1800 ζημίαν
1114 1745 1284 1800 ἐπάγειν
1309 1748 1360 1803 τῇ
1382 1746 1610 1800 εΡωμαίων
1634 1749 1774 1801 fitz-25

275 1812 411 1869 σιλείᾳ
447 1810 656 1866 πρόφασιν
684 1813 865 1864 πολέμου
895 1810 945 1853 οὗ
974 1813 1267 1870 παρεχομένῃ,
1310 1810 1416 1856 ἀλλὰ
1457 1813 1531 1855 καί
1554 1812 1631 1855 ἐάν
1655 1827 1720 1862 τις

281 1911 386 1944 intra
396 1910 596 1955 Mitylenen
622 1914 659 1943 et
681 1909 877 1944 Phocaeam
897 1911 1057 1944 conclusi
1082 1922 1162 1945 cum
1181 1911 1317 1946 incerta
1342 1922 1404 1958 spe
1422 1911 1548 1946 salutis
1572 1911 1720 1946 obside-

284 1957 388 1994 mini,
438 1958 488 1990 Ac
514 1956 629 1990 nolim
670 1962 706 1989 te
748 1957 870 1990 mirari
896 1956 994 2003 quod
1012 1957 1166 1993 dixerim
1190 1958 1328 1991 nullam
1350 1969 1412 1992 vos
1437 1958 1563 1994 salutis
1587 1963 1721 1992 certam

283 2014 382 2047 spem
406 2003 541 2044 fovere,
565 2003 710 2036 tametsi
721 2014 783 2036 vos
809 2014 828 2035 e
853 2003 1042 2036 moenibus
1062 2004 1254 2038 fortissime
1269 2003 1472 2038 defendatis
1488 2028 1498 2045 ‚
1520 2015 1588 2038 nec
1603 2004 1719 2039 ullum

280 2054 344 2082 aut
380 2049 458 2082 leve
494 2048 664 2082 damnum
696 2049 878 2093 accipiatis
902 2061 922 2082 a
953 2051 1060 2091 saxis,
1087 2062 1179 2096 quae
1216 2062 1236 2084 e
1262 2051 1449 2084 tormentis
1471 2050 1674 2092 iaciuntur,
1698 2063 1720 2086 a

282 2096 389 2128 scalis
416 2097 616 2140 ceterisque
640 2094 839 2136 machinis,
876 2107 967 2140 quae
993 2097 1031 2130 in
1055 2103 1130 2130 tam
1164 2097 1297 2131 crebris
1322 2097 1649 2143 oppugnationibus
1673 2097 1720 2131 ad

281 2151 400 2175 muros
428 2140 684 2175 admoventur:
708 2140 960 2175 demonstrabo
988 2143 1084 2175 enim
1106 2144 1388 2178 luculentissime
1410 2154 1471 2178 vos
1496 2142 1541 2176 ab
1559 2149 1718 2177 extremo

282 2186 489 2220 discrimine
521 2186 618 2219 haud
649 2188 754 2231 longe
788 2188 923 2221 abesse.
983 2189 1074 2222 Nam
1098 2201 1179 2223 cum
1215 2191 1284 2223 tria
1316 2191 1402 2228 sint,
1430 2200 1522 2234 quae
1555 2189 1719 2223 obsessos

282 2243 422 2268 servare
446 2234 614 2278 tuerique
640 2234 867 2276 potissimum
893 2240 1050 2280 queant:
1087 2237 1240 2281 primum
1278 2234 1424 2270 aliunde
1460 2237 1718 2279 superveniens

282 2279 481 2318 auxilium,
517 2291 588 2324 quo
613 2278 750 2312 obsessi
775 2281 912 2325 erigant
935 2282 1072 2314 animos
1095 2296 1102 2315 :
1141 2283 1292 2316 alterum
1321 2282 1491 2316 frumenti
1521 2293 1562 2314 ac
1585 2282 1717 2327 reliqui

283 2330 500 2357 commeatus
524 2324 758 2365 abundantia,
785 2326 881 2360 unde
905 2327 1011 2360 facile
1029 2329 1209 2373 perfertur
1234 2329 1394 2363 obsidio:
1418 2327 1578 2367 tertium,
1603 2339 1719 2373 quan-

285 2370 331 2405 do
356 2370 470 2403 hostis
497 2369 632 2403 diutius
674 2371 830 2405 assidere
855 2378 917 2406 aut
946 2374 1147 2417 sumptibus
1173 2375 1332 2408 defectus
1356 2379 1418 2407 aut
1440 2374 1560 2407 animo
1585 2373 1717 2407 fractus

285 2421 348 2449 aut
372 2417 443 2449 alia
467 2415 513 2449 de
538 2428 640 2450 causa
664 2429 738 2452 uon
765 2424 900 2462 potest,
928 2431 991 2464 ego
1018 2420 1155 2454 docebo
1180 2420 1275 2454 nihil
1301 2420 1428 2454 horum
1453 2419 1555 2454 vobis
1579 2419 1714 2453 adesse.

290 2464 456 2497 Forsitan
481 2462 590 2507 igitur
616 2464 791 2503 auxilium
813 2465 915 2498 vobis
942 2466 1157 2500 submissum
1185 2473 1222 2501 et
1244 2478 1317 2500 non
1343 2464 1490 2499 aliunde
1514 2476 1619 2510 quam
1644 2466 1718 2498 Ge·-

290 2520 376 2549 nua,
412 2514 538 2553 utpote
564 2520 583 2541 a
619 2509 756 2543 civibus
791 2512 1022 2558 cognatisque
1057 2513 1203 2553 vestris,
1229 2513 1446 2547 submissum
1479 2513 1559 2556 quis
1595 2513 1722 2545 existi-

293 2555 457 2591 maverit,
481 2555 591 2600 Atqui
615 2554 684 2588 hoc
709 2562 782 2589 tam
809 2562 985 2590 remotum
1013 2565 1067 2592 est
1095 2571 1114 2592 a
1137 2560 1288 2593 veritate
1313 2564 1525 2602 tantumque
1549 2558 1652 2591 abest
1678 2563 1720 2591 ut

290 2600 329 2633 id
355 2600 573 2645 sperandum
596 2601 697 2634 vobis
728 2603 786 2642 sit,
812 2607 852 2636 ut
877 2605 1076 2638 timendum
1101 2606 1219 2650 potius
1247 2616 1292 2638 ne
1318 2610 1441 2638 contra
1463 2615 1525 2638 vos
1551 2605 1607 2637 illi
1630 2615 1719 2637 ven-

294 2648 367 2683 turi
380 2652 417 2681 et
435 2647 607 2682 hortante
621 2649 832 2694 imperatore
854 2655 893 2684 ut
906 2651 1073 2686 inimicos
1089 2651 1309 2698 reipublicae
1323 2651 1503 2686 obsessuri
1528 2651 1611 2687 sint.
1639 2650 1720 2685 Sci-
