1832 3138
290 83 361 150 [μ
575 83 577 88 ’
832 93 1197 136 οΑΝΤΑουΖΕΝι

93 204 176 241 A.c.
194 208 279 243 1320
290 202 426 258 σφᾶς,
452 197 523 240 καὶ
545 193 656 246 ὅπως
685 191 740 238 (ἲν
762 189 912 244 αὖτοὺς
950 196 1103 249 γένοιτο
1132 195 1203 249 τῆς
1231 190 1442 246 βασιλίδος
1470 193 1553 236 τῶν
1569 191 1730 237 nalem
1776 209 1778 211 ’
1829 214 1832 223 <

290 265 517 313 ἆκινδύνως
550 263 803 312 ὑπεξελθεῖν.
843 261 1003 317 πρῶτος
1040 260 1177 302 τοίνυν
1216 254 1328 300 εἶπεν
1356 255 1378 299 ὃ
1405 259 1725 317 nemum-ndum

293 328 545 385 Συναδηνός.

161 403 169 409 “·
180 400 222 437 V.
240 401 284 446 ²4
333 393 389 437 θ’.
414 391 553 447 „Fuci
572 394 700 436 πολύν
717 407 812 434 τινα
831 388 904 433 καὶ
924 391 1117 447 προφανῆ
1135 388 1206 432 τὸν
1234 389 1425 432 κίνδυνον
1443 389 1501 431 ἐκ,
1514 389 1598 432 rav
1620 395 1728 446 πρα-
1791 444 1793 446 v

251 460 452 516 Βγμιίτων
471 457 756 515 ὲοτὶσυνορᾷν.
783 458 823 500 εἰ
837 456 915 512 γὰρ
939 456 1057 511 ἡμῶν
1084 452 1196 506 ὅπως
1215 456 1311 497 ππὲ
1329 452 1506 510 ταυτησὶ
1519 455 1592 511 τῆς
1606 454 1753 501 nbis-s
1786 452 1791 462 ⁷

287 542 344 576 ως
379 523 683 574 ὑπεξελθόντων
727 520 1032 578 ἕπιστρατεύσει
1075 518 1307 570 καταπόδας
1347 518 1370 562 ὅ
1403 517 1626 575 βασιλεὺς,
1643 538 1646 544 ·
1661 520 1725 572 τίς

284 588 452 647 μηχανὴ
471 588 531 645 μὴ
559 585 658 644 οὖχί
673 586 720 632 τὸ
741 588 978 644 παραυτίκα
1006 584 1111 644 πρὸς
1135 584 1314 640 ἔσχατον
1345 586 1484 628 ἐλθεῖν
1502 583 1696 630 κινδύνου
1707 603 1727 636 ,1

286 655 376 699 ἔστι
400 657 448 698 δὲ
474 655 734 711 α’νθρώπων,
767 650 885 706 οἶμαι
893 686 907 706 ,
942 651 1244 708 σωφρονούτων
1267 649 1340 693 καὶ
1355 653 1625 706 βουλομένων1
1642 650 1725 696 aab..

287 724 447 774 ζεσθαι,
482 718 541 776 μὴ
570 718 666 770 τοὺς
687 717 917 775 προδήλους
939 714 1238 774 ἀνθαιρεῖσθαι
1258 715 1475 768 κινδύνους
1489 718 1563 774 τῆς
1589 718 1635 760 ἐν
1655 721 1725 773 βε..

283 789 390 845 βαίῳ
415 788 654 842 κεισομένης
677 786 884 841 σωτηρίας
897 819 907 830 .
931 785 1005 826 τοῦ
1023 784 1164 828 τοίνυν
1192 785 1264 839 τῆς
1290 782 1446 834 πόλεως
1469 783 1777 840 &agamemno

283 852 567 895 δυνατώτατον
601 848 905 904 ἀνταγωνιστὴν
940 845 1071 891 ὀπίσω
1105 846 1397 898 καταλιπόντας
1430 846 1499 892 τὸν
1536 852 1726 905 βασιλέα,-

285 913 418 966 οῧτως
439 916 628 971 ὑποψίαν
652 913 793 971 δεινὴν
824 915 1096 970 παρέχοντος,
1131 910 1300 970 ,ιιακρὰν
1325 913 1601 970 ἀφεστηκέναι
1619 930 1726 957 παν..

283 981 351 1032 τὸς
371 983 499 1024 κακοῦ
525 979 599 1023 καί
612 977 768 1035 πολλὴν
788 977 863 1034 τὴν
895 978 1130 1035 ἀσφάλειαν
1157 978 1258 1034 ἡμῖν
1285 980 1484 1035 παρέχειν
1513 977 1560 1022 τὸ
1580 981 1725 1023 τοῦτον

250 1060 278 1095 c
291 1045 590 1099 κατασχόντας,
624 1041 647 1088 ὃ
670 1045 927 1099 δυνήσεσθαι
957 1044 1063 1085 dom-3
1085 1043 1258 1101 ῥᾳδίως,
1307 1048 1570 1087 natanaelem
1594 1059 1725 1101 φρου-

281 1113 352 1169 ρᾷ.
385 1106 491 1152 οὕτω
527 1109 606 1166 γὰρ
646 1106 814 1159 οὐδενὸς
850 1104 1254 1162 ἀνταγωνιζομένου,
1308 1108 1440 1168 ῥᾷστα
1469 1110 1778 1166 κρατήσομενιὸ

281 1176 518 1221 ἁπάντων.”
544 1176 800 1232 Συργιάννης
818 1174 863 1215 δὲ
886 1174 977 1227 μετ’
1003 1174 1157 1215 ἐκεῖνον
1181 1169 1328 1224 εὐθύς·
1359 1174 1461 1228 »καὶ
1481 1176 1598 1218 τοῦθ’
1626 1171 1725 1231 ὅπερ,

283 1239 476 1297 εἴρηκας”
517 1239 599 1297 ἔφη
631 1236 833 1294 ,,πολλούς
877 1235 975 1292 ἔχον
996 1237 1226 1289 ἐξετάζοντι
1246 1245 1438 1295 φανεῖται
1469 1238 1564 1291 τοὺς
1587 1240 1727 1283 κινδύ-

286 1322 398 1356 νους.
431 1307 593 1362 πρῶτον
614 1308 694 1359 μὲν
714 1303 793 1361 γὰρ
818 1299 865 1346 οὗ
888 1300 1036 1359 μικρὸν
1059 1301 1177 1358 ἔργον
1205 1303 1251 1346 τὸ
1278 1309 1526 1359 κατασχεῖν,
1565 1307 1726 1348 πολλῶν
1787 1354 1790 1364 Ι

289 1369 389 1427 περὶ
408 1367 535 1413 αὗτὸν
558 1366 755 1420 εὖνοϊκαῖς
791 1369 1062 1421 διακειμένων
1091 1368 1164 1410 καὶ
1197 1370 1279 1412 τῶν
1311 1371 1384 1426 τῆς
1406 1371 1629 1427 συγκλήτου
1655 1370 1728 1414 καί

281 1437 367 1478 τῶν
392 1437 436 1478 ἐν
473 1438 603 1489 τέλει,
644 1434 717 1477 καί
741 1431 1015 1491 μισθοφόρων
1047 1433 1119 1475 αἐἰ
1153 1436 1312 1478 πολλῶν
1349 1434 1637 1493 διατριβόντων
1674 1439 1779 1482 ἐνωο

281 1502 536 1553 βασιλείοις·
571 1498 707 1542 ἔπειθ’
729 1497 792 1542 ὅτι
815 1498 887 1541 καὶ
910 1499 1022 1540 τοῦτ’
1049 1499 1089 1540 εἰ
1104 1498 1209 1551 μετὰ
1236 1502 1398 1544 πολλῶν
1411 1503 1494 1545 τῶν
1517 1501 1720 1544 κινδύνων

278 1566 585 1622 κατορθωθείη,
607 1565 685 1609 τότ’
706 1559 785 1620 ἤδη
814 1563 1114 1620 χαλεπωτέροις
1146 1565 1480 1621 περιπεσούμεθα
1497 1566 1722 1618 κινδύνοις,

369 1660 631 1742 ὲα,“ξηῑὲἳ))τῗ
653 1660 742 1707 legit
765 1660 811 1695 οὔ
833 1659 1007 1709 μακρὰν,
1032 1663 1179 1707 frustra;
1203 1662 1337 1710 quippe
1361 1660 1467 1695 aliter
1486 1665 1624 1695 vertere
1654 1659 1720 1695 de-

397 1717 434 1739 m
572 1732 582 1744 0
631 1731 641 1740 n

278 1805 322 1829 ex
338 1795 458 1839 regina
477 1795 621 1829 urbium
640 1806 678 1830 se
692 1802 828 1842 queant
840 1797 1058 1839 subducere,
1078 1796 1294 1844 disquirunt.
1341 1797 1476 1832 Primus
1498 1797 1620 1843 itaque
1630 1807 1718 1843 pro-

277 1846 447 1875 tostrator
464 1842 503 1875 in
522 1841 611 1875 haec
630 1843 738 1877 verba
757 1843 918 1878 disserit:

368 1899 400 1932 9.
452 1888 622 1933 Magnum
649 1900 732 1935 ego,
766 1896 802 1924 et
826 1890 1056 1924 manifestum
1081 1890 1282 1935 periculum
1317 1888 1404 1923 huic
1427 1889 1574 1935 neg'otio
1601 1890 1720 1923 inesse

277 1933 531 1968 animadverto.
580 1935 619 1968 Si
633 1937 728 1969 enim
743 1948 808 1970 nos
822 1936 1154 1983 quomodocumque
1168 1937 1256 1969 clam
1267 1935 1334 1968 hac
1345 1935 1439 1969 urbe
1447 1946 1603 1981 egressos
1613 1961 1622 1977 ,
1649 1936 1718 1969 im-

278 1985 422 2024 perator
441 1991 549 2013 senex
568 1983 672 2014 armis
693 1983 864 2016 continuo
884 1983 994 2016 fuerit
1014 1988 1240 2027 persecutus,
1268 1982 1398 2027 quibus
1417 1982 1563 2016 tandem
1581 1981 1718 2016 machi-

279 2026 337 2058 nis
356 2027 644 2070 praesentissimo
665 2027 863 2062 discrimini
884 2029 1087 2062 elabemur?
1117 2029 1180 2062 Est
1198 2034 1334 2069 autem,
1357 2028 1411 2062 uti
1437 2039 1534 2075 reor,
1563 2029 1721 2063 virorum

278 2072 512 2116 prudentium
537 2078 574 2106 et
596 2074 854 2108 incolumitatis
873 2086 956 2108 suae
981 2075 1175 2108 amantium
1187 2100 1198 2117 ,
1217 2080 1312 2108 certa
1329 2075 1490 2120 pericula
1509 2075 1616 2110 saluti
1635 2086 1719 2109 suae

280 2123 605 2163 non-anteponere.
655 2120 743 2154 Cum
772 2121 882 2166 igitur
907 2132 950 2154 ex
976 2119 1066 2154 urhe
1091 2121 1179 2154 clam
1204 2122 1320 2162 exire,
1350 2121 1562 2166 imperatore
1585 2127 1718 2168 poten·-

280 2164 421 2198 tissimo
451 2165 649 2198 adversario
675 2178 696 2199 a
727 2172 826 2212 tergo
857 2168 1002 2208 relicto,
1038 2178 1176 2213 gravem
1207 2168 1448 2212 suspicionem
1481 2172 1718 2209 commoveat,

281 2209 388 2255 longe
406 2210 451 2243 ab
475 2216 631 2245 extrema
650 2214 812 2257 pernicie
832 2213 955 2247 abesse
994 2214 1116 2247 iudico
1138 2219 1175 2248 et
1194 2215 1421 2248 securitatem
1452 2215 1599 2248 multam
1629 2215 1716 2249 ade-

279 2260 418 2301 pturos,
443 2258 474 2291 si
493 2257 797 2302 comprehensum,
817 2261 915 2305 quod
936 2260 1040 2294 facile
1063 2262 1277 2305 poterimus,
1296 2261 1478 2295 custodiae
1491 2261 1717 2296 mandemus:

281 2303 334 2335 nic
353 2304 449 2338 enim
466 2305 610 2338 nemine
628 2305 853 2347 adversante,
872 2307 973 2340 nullo
992 2307 1098 2351 plane
1122 2309 1266 2352 negotio
1293 2318 1411 2341 rerum
1437 2318 1571 2342 summa
1594 2309 1716 2354 potie-

279 2357 370 2382 mur.
418 2350 512 2383 Tum
530 2350 740 2396 Syrgiannes
757 2353 939 2397 excipiens
952 2379 961 2394 ‚
987 2358 1024 2387 et
1044 2352 1113 2387 hoc
1132 2354 1229 2400 quod
1254 2354 1398 2395 dixisti,
1424 2356 1557 2401 inquit,
1584 2356 1613 2388 si
1634 2356 1715 2399 quis

281 2396 498 2440 cogitatione
518 2397 762 2441 perlustmrst,
791 2400 913 2432 multis
934 2401 1131 2434 obnoxium
1155 2400 1327 2445 periculis
1344 2402 1515 2435 inveniet.
1562 2402 1716 2436 Primum

281 2443 379 2474 enim
397 2442 546 2476 arduum
572 2448 625 2477 est
654 2444 757 2477 illum
783 2445 1102 2490 comprehendere,
1133 2446 1275 2492 quando
1300 2450 1338 2485 et
1358 2458 1402 2480 ex
1421 2447 1651 2493 proceribus,
1679 2452 1717 2480 et

282 2499 326 2520 ex
354 2489 617 2533 magistratibus
652 2491 756 2524 multi
787 2493 857 2536 ipsi
884 2491 977 2526 bene
1006 2494 1175 2539 cupiunt,
1217 2498 1253 2527 ct
1276 2493 1451 2528 meritorii
1477 2495 1611 2529 milites
1640 2494 1715 2527 fre-

281 2539 434 2578 quentes
458 2536 498 2568 in
522 2536 655 2581 palatio
683 2548 821 2582 semper
845 2539 1017 2572 visuntur.
1072 2539 1214 2574 Deinde
1241 2543 1281 2572 ut
1304 2539 1374 2573 hoc
1402 2540 1517 2574 fauste
1541 2542 1714 2585 transiga-

281 2591 358 2613 mus
380 2580 553 2626 (quamvis
580 2593 652 2616 non
678 2584 755 2617 sine
781 2584 947 2628 pluribus
969 2585 1154 2632 periculis)
1182 2587 1219 2618 in
1245 2585 1436 2620 discrimen
1464 2588 1600 2620 saevius
1619 2588 1714 2619 inci-

283 2626 426 2668 demus,
443 2639 522 2660 cum
546 2639 565 2661 e
585 2629 794 2663 custodibus
813 2631 934 2677 plures
956 2637 1137 2676 suspectos
1157 2631 1308 2672 habere,
1335 2637 1372 2665 et
1397 2645 1513 2666 rerum
1531 2634 1712 2666 vicissitu-

284 2672 404 2709 dinem
434 2679 594 2710 metuere
620 2687 791 2721 cogemur.
843 2677 1022 2723 Quoniam
1042 2679 1151 2723 igitur
1167 2679 1347 2724 utrimque
1365 2679 1456 2714 male
1482 2679 1712 2715 metuendum
