1832 3132
370 55 483 130 444
887 65 1272 119 ,CANTAcszm

178 179 268 223 A.C.
286 171 557 224 ιδὸοδυνάμει.
611 169 655 218 ἐξ
682 161 741 210 ὧν
766 162 903 222 ῶσπερ
926 167 1051 208 αὐτοὶ
1075 168 1262 221 λέγουσιν
1283 163 1323 208 οἱ
1351 164 1694 221 κατηγοροῦντος,
1721 165 1783 214 εἷς

366 236 498 290 πολλῷ
514 231 800 287 χαλεπώτερον
825 233 897 273 καί
917 237 1060 288 χεῖρον
1085 230 1302 286 βάραθρον
1330 227 1693 291 κατεκρημνίσθης·
1727 228 1782 271 ’σὺ

367 302 414 342 δὲ
445 295 523 352 ἤδη
558 299 744 351 συνορῶν
774 291 821 338 οἷ’
847 298 985 338 κακῶν
1019 295 1091 337 ὑπ’
1133 292 1332 348 ἀβουλίας
1362 294 1624 351 συνηλοίθης,
1658 289 1693 335 ὅ
1714 307 1783 336 σοι

328 364 477 414 estro&
502 361 612 415 μόνα
637 360 791 405 δυνατοὶ
825 359 923 417 πρὸς
945 358 1018 416 τήν
1053 360 1268 416 παροῦσαν
1295 358 1470 416 ἀνάγκην
1503 355 1781 420 ἀποχρήσειν,
1831 389 1832 410 2

359 429 490 469 ταῦτα
513 423 621 481 ἥκεις
643 427 885 480 ἐσκεμμένος
908 425 1051 481 λέγειν.
1081 423 1159 479 ἐγώ
1194 427 1239 467 δὲ
1261 426 1392 480 μηδὲν
1419 421 1806 482 α’ποκρυψιίμενος,5

363 488 473 541 ὅπως
502 506 544 533 τε
571 491 779 544 διάκειμαι
805 489 909 547 πρὸς
937 491 997 543 σὲ,
1027 489 1099 532 καί
1122 485 1188 532 οἷα
1208 487 1391 544 ποιήσω,
1411 489 1512 546 ἐρῶ.
1582 482 1676 531 οὗθ’
1707 483 1781 530 013¹-

361 573 443 605 τως
463 554 547 611 ἔχω
573 552 679 598 ὥστε
705 559 801 599 ποτὲ
823 562 907 606 τοῖς
939 556 1075 612 φίλοις
1116 571 1163 597 σε
1191 553 1434 598 συντάττειν
1457 558 1542 605 τοῖς
1557 554 1690 608 ‘buck
1710 553 1784 595 καί

360 618 467 676 ὑπὲρ
502 621 579 662 σοῦ’
603 621 683 662 τῶν
701 621 987 677 προσηκόντων
1000 625 1082 670 τοῖς
1107 620 1276 676 φιλοῦσι
1304 617 1502 674 πράττειν
1523 634 1586 680 τι,
1602 613 1696 661 ⁰53³
1725 617 1781 678 ὥς

363 683 541 743 πολεμίῳ
564 685 751 740 χρῆσθαι
769 683 966 740 βλάπτων
991 681 1069 726 ὅσα
1092 683 1256 726 δυνατά·
1285 680 1374 725 ἄλλ’
1395 685 1467 726 ἐπί
1485 684 1558 739 τῆς
1581 682 1696 740 δίκης
1712 697 1781 737 γε-

362 751 533 802 νομένου
559 749 631 790 καί
655 749 760 806 ὑπὲρ
806 743 865 791 ὦν
898 750 1100 806 κατηγορῇ
1129 747 1202 799 τὰς
1241 747 1462 802 ἀπολογίας
1502 749 1832 809 ποιουμένουμρ

364 811 487 863 αὐτὸς
518 812 684 870 μακρὰν
732 813 942 869 ἐξασκήσω
974 814 1156 869 σιωπὴν,
1195 809 1472 869 φθεγγόμενος
1504 813 1646 869 μηδέν.
1701 807 1781 854 κᾶν

361 882 440 934 μὲν
457 880 540 922 τῶν
573 882 804 936 κατηγόρων
827 882 1018 937 περιγένῃ
1046 881 1117 921 καὶ
1137 877 1214 934 τήν
1237 879 1354 933 δίκην
1373 875 1592 935 διαφύγῃς,
1619 873 1781 932 ἆγαπή-

362 960 423 1000 σω
445 943 518 986 καί
535 944 663 994 αὐτὸς
691 946 762 987 καί
789 939 840 985 οὗ
857 942 1053 1001 φθονήσω
1080 943 1251 998 τυχόντι
1271 945 1352 986 τῶν
1372 943 1557 986 δικαίων·
1584 937 1637 987 ἂν
1649 943 1688 984 δ’
1708 939 1782 998 ἥτ-

361 1011 443 1052 των
475 1008 601 1066 φαίνῃ
629 1007 851 1065 παραπολὺ
887 1009 960 1051 καί
982 1008 1126 1066 ἁλίσκῃ
1146 1010 1322 1062 ἀδικῶν,
1350 1004 1404 1051 ἂν
1425 1009 1504 1062 μὲν
1529 1007 1695 1066 ἄπειρίᾳ
1711 1006 1781 1048 λό-

359 1090 442 1128 γων
466 1069 493 1128 ἢ
518 1071 653 1132 ἀδικία
679 1076 761 1116 τῶν
796 1076 1086 1130 συκοφαντῶν,
1127 1069 1155 1130 ἢ
1175 1071 1311 1132 τρόπῳ
1333 1072 1384 1128 δή
1413 1088 1495 1116 τινι
1518 1068 1644 1130 ἑτέρῳ
1677 1072 1832 1134 ἀπο-,5

311 1155 343 1189 1)
361 1142 595 1194 στερεῖσθαι
622 1138 807 1195 συμβαίη
841 1142 921 1182 τῶν
957 1139 1147 1193 δικαίων,
1186 1140 1476 1195 προστήσομαι
1521 1135 1778 1193 προθύμως,

361 1205 433 1246 καί
456 1203 504 1245 οὗ
539 1193 791 1260 περιόψομαι
825 1199 967 1246 ἄδικον
1006 1206 1151 1261 ψῆφον
1187 1205 1426 1258 ἐνεχθεῖσαν
1458 1203 1562 1246 κατὰ
1587 1203 1686 1256 σοῦ’,
1726 1201 1777 1259 οὗ

360 1268 439 1311 σοῦ
458 1284 502 1322 γε
523 1270 640 1310 ἕνεκα
663 1271 833 1322 μᾶλλον,
845 1265 880 1325 ζῆ
904 1269 1031 1311 αὐτοῦ
1051 1267 1223 1312 δικαίου·
1246 1265 1296 1311 ἂν
1316 1271 1362 1311 δὲ
1389 1270 1523 1326 προσῇ
1542 1267 1587 1312 τὸ
1610 1266 1779 1317 δικαίως

359 1336 412 1389 τῇ
435 1331 540 1375 κατὰ
563 1335 642 1375 σοῦ’
660 1335 876 1391 ἐξαγομένη
902 1335 1044 1392 ψήφῳ,
1071 1336 1278 1390 μηδεμιάν
1306 1336 1548 1390 ἐπικουρίαν
1568 1331 1779 1391 προσδόκα

360 1401 460 1454 παρ’
487 1399 605 1451 ἐμοῦ.
659 1400 703 1450 ἐξ
727 1396 820 1440 ὅτου
844 1398 922 1455 γὰρ
954 1398 1082 1449 αὐτὸς
1114 1400 1267 1442 οἷπῶσω
1288 1398 1362 1454 τήν
1387 1398 1532 1456 φιλίαν
1566 1397 1643 1454 τὴν
1672 1397 1832 1455 ἐμήνω

359 1461 433 1503 καί
458 1460 653 1515 πολεμίου
678 1461 777 1519 ἔργα
796 1465 908 1506 εἵλου
930 1464 1141 1520 πράττειν,
1169 1466 1240 1506 καί
1259 1460 1387 1514 αὕτὸς
1407 1464 1481 1506 τοῦ
1503 1459 1686 1518 νομίζειν
1707 1464 1778 1519 φί-

360 1531 433 1569 λον
454 1525 718 1583 ἇπεσχόμην·
744 1529 908 1586 ἐμαυτῷ
937 1530 978 1570 δ’
1012 1525 1147 1585 ῶσπερ
1176 1528 1384 1572 πολιτείαν
1413 1527 1597 1586 ἀρχαίαν
1618 1526 1665 1571 τὸ
1695 1545 1779 1584 μη·-

358 1592 446 1634 δενί
465 1591 656 1646 πολέμιος
676 1589 782 1635 εἶναι
805 1594 1041 1649 συντηρῶν,
1071 1589 1162 1635 οὔτε
1189 1609 1257 1636 σοι
1274 1595 1401 1649 μέχρι
1421 1594 1515 1647 νῦν,
1542 1587 1636 1636 οὗθ’
1660 1589 1779 1635 ὅστε·-

358 1673 430 1715 ρον
450 1656 684 1712 γενήσομαι·
714 1658 805 1699 ἀλλ’
826 1654 910 1701 οὔτ’
932 1658 1204 1712 ἀδικούμενον
1225 1659 1483 1715 περιόψομαι
1498 1654 1637 1717 ὥσπερ
1659 1656 1778 1716 ἔφην,

356 1795 488 1829 multos
511 1795 551 1829 in
576 1793 784 1828 sodalitium
809 1805 1017 1840 aggregans:
1044 1798 1086 1828 ut
1108 1797 1139 1829 si
1165 1796 1295 1830 iterum
1318 1805 1447 1830 vexare
1470 1800 1508 1830 te
1530 1794 1673 1836 vellem,
1694 1806 1779 1842 pos·

360 1853 416 1875 ses
446 1847 483 1875 te
518 1843 727 1886 comparatis
758 1840 803 1874 ad
835 1841 873 1874 id
904 1842 1040 1875 viribus
1073 1843 1168 1876 tueri
1200 1847 1307 1888 atque
1334 1841 1538 1875 defendere.
1587 1841 1714 1883 Unde,
1738 1847 1781 1876 ut

361 1894 580 1921 accusatores
604 1888 658 1921 tui
686 1887 870 1927 dictitant,
905 1887 944 1920 in
966 1887 1171 1922 barathrum
1195 1888 1299 1933 longe
1323 1887 1482 1922 deterius
1509 1892 1616 1934 atque
1643 1889 1779 1922 exitio-

361 1935 434 1967 sius
457 1940 572 1967 temet
597 1933 808 1970 deturbasti.
854 1934 929 1966 Iam
952 1945 1034 1967 vero
1052 1934 1256 1978 intelligens
1271 1959 1282 1976 ‚
1316 1945 1388 1980 quo
1409 1935 1630 1968 miseriarum
1652 1940 1714 1968 tua
1740 1939 1778 1969 te

357 1981 513 2013 amentia
546 1979 727 2025 adegerit,
762 1990 852 2025 quae
877 1981 952 2013 sola
977 1980 1021 2013 ad
1053 1980 1239 2015 levandam
1272 1986 1500 2025 praesentem
1538 1981 1778 2015 calamitatem

357 2028 547 2060 suffectura
581 2026 772 2066 iudicasti,
808 2024 896 2059 haee
932 2031 973 2059 ut
1009 2025 1145 2061 diceres
1160 2051 1169 2068 ‚
1205 2027 1397 2063 meditatus
1418 2026 1606 2064 advenisti.
1665 2027 1776 2073 Atqui

358 2082 422 2116 ego
446 2072 539 2105 nihil
564 2078 599 2106 te
625 2073 754 2112 celans,
781 2082 851 2117 quo
875 2073 940 2105 sim
965 2073 1002 2105 in
1022 2077 1058 2106 te
1080 2074 1210 2115 animo,
1237 2078 1273 2107 et
1317 2073 1380 2107 uid
1405 2072 1633 2115 decreverim,
1658 2083 1775 2108 enun-

355 2117 471 2154 tiabo.
526 2118 651 2163 Neque
676 2119 727 2151 ita
764 2122 908 2151 affectus
937 2130 1038 2160 sum,
1071 2125 1112 2152 ut
1140 2120 1285 2165 aliquan
1313 2132 1333 2153 o
1362 2125 1396 2153 te
1419 2121 1459 2152 in
1481 2119 1612 2152 amicos
1639 2119 1774 2154 referre

356 2168 490 2209 tuaque
520 2175 621 2197 causa
678 2163 740 2196 uid
774 2163 818 2197 de
844 2165 971 2198 officiis
1002 2167 1196 2199 amantium
1232 2171 1413 2211 praestare
1449 2165 1622 2210 cogitem:
1655 2176 1774 2211 neque

356 2208 470 2242 hostis
493 2209 571 2243 loco
606 2176 818 2250 te‘iiaberffi
852 2217 1056 2257 quantaque
1085 2213 1216 2256 possim
1244 2209 1459 2246 detrimenta
1487 2211 1558 2244 tibi
1587 2211 1774 2257 iniungere

356 2256 476 2293 velim,
504 2255 573 2289 Sed
588 2267 666 2289 cum
678 2261 714 2289 te
736 2257 775 2289 in
795 2256 927 2290 iudicio
945 2259 1089 2298 stiteris,
1116 2263 1151 2291 et
1177 2258 1222 2291 ad
1237 2259 1353 2302 capita
1368 2258 1604 2292 accusationis
1627 2268 1776 2302 respon-

358 2301 464 2342 deris,
483 2313 546 2346 ego
564 2303 705 2347 longum
719 2303 843 2336 silebo.
871 2305 915 2337 Et
928 2305 957 2337 si
973 2303 1118 2349 quidem
1143 2304 1308 2338 cofutatis
1325 2303 1587 2341 accusatoribus
1606 2303 1776 2337 absolve-

357 2349 418 2388 ris,
443 2348 651 2392 placebitid
673 2348 760 2380 mihi
784 2360 947 2395 quoque:
974 2361 1041 2383 nec
1061 2350 1131 2383 tibi
1155 2351 1210 2383 ius
1229 2356 1331 2384 tuum
1345 2350 1473 2394 adepto
1495 2348 1674 2383 invidebo.
1710 2349 1776 2384 Sin

356 2394 470 2426 multo
490 2394 699 2427 adversariis
711 2395 871 2436 inferior,
892 2408 995 2429 causa
1011 2396 1183 2430 cecidisse
1195 2395 1380 2429 videbere:
1404 2399 1512 2429 etant
1526 2395 1705 2439 imperitia
1717 2395 1776 2428 di-

358 2439 474 2478 cendi,
487 2446 548 2474 aut
561 2441 751 2485 iniquitate
767 2442 1071 2483 calumniatorum,
1096 2448 1157 2476 aut
1169 2442 1241 2475 alio
1259 2441 1413 2488 quodam
1431 2441 1536 2474 modo
1547 2441 1624 2474 iure
1635 2446 1697 2474 tuo
1712 2453 1775 2475 ex-

358 2486 476 2519 cidere
493 2487 691 2531 contigerit,
713 2488 948 2530 patrocinium
959 2489 1012 2521 tui
1031 2488 1212 2533 perlibens
1221 2489 1400 2534 arripiam,
1424 2492 1460 2521 et
1477 2487 1609 2520 iniusta
1620 2493 1656 2521 te
1673 2487 1776 2522 feriri

357 2534 535 2566 sententia
555 2544 628 2566 non
647 2533 779 2565 sinam:
805 2545 920 2578 neque
940 2534 978 2567 id
1001 2535 1072 2567 tibi
1084 2535 1211 2579 magis,
1235 2546 1340 2581 quam
1360 2545 1402 2568 ae
1429 2534 1534 2567 nitati
1557 2533 1662 2568 daho.
1709 2533 1774 2568 Sin

356 2579 435 2612 iure
453 2578 688 2618 damnaberis,
711 2579 845 2610 nullam
867 2591 885 2611 a
906 2591 960 2613 me
984 2580 1231 2614 defensionem
1251 2585 1415 2625 exspecta
1443 2581 1483 2613 is.
1517 2575 1570 2613 Ex
1587 2591 1658 2626 quo
1676 2580 1774 2613 enim

357 2629 396 2657 tu
420 2625 611 2659 amicitiam
633 2635 745 2658 meam
769 2627 968 2668 proiecisti,
991 2626 1185 2674 hostesque
1208 2627 1340 2661 imitari
1368 2626 1537 2667 maluisti,
1561 2637 1606 2661 ex
1634 2636 1676 2660 eo
1708 2635 1773 2671 ego
