1832 3138
15 375 18 377 ,
6 171 27 354 2⁵541ffl2qu„
18 145 22 148 .
12 91 27 121 ω-
12 30 15 37 .

547 120 928 165 ms‘romARUM
967 126 1002 166 1.
1044 126 1112 168 32.
1481 121 1499 156 1
1512 101 1548 156 6
1560 120 1579 153 1

120 218 473 284 μεθαρμόζεσθαὸ
498 223 574 266 καὶ
600 221 783 272 miz-0259.
827 222 973 279 ἐπειδὴ
1001 225 1048 266 δέ
1074 224 1189 268 ἐστιν
1209 217 1308 266 οὔτε
1327 222 1436 279 πρὸς
1457 222 1587 279 φύσει
1599 229 1639 264 A.
1650 228 1782 265 C.1322

120 283 347 346 πολεμίους
382 286 652 346 βαρβάρους,
707 283 803 331 οὔτε
833 287 937 344 πρὸς
976 287 1053 343 τήν
1081 288 1217 345 αὐτὴν
1245 290 1325 343 μὲν
1351 288 1589 346 ᾑρημένους

121 354 354 415 θρησκειὴν
372 355 500 412 ἡμῖν,
554 350 691 404 ἄλλως
727 356 774 396 δὲ
798 355 1024 408 πολεμίους
1055 354 1128 396 καί
1147 352 1232 395 ὖπό
1256 356 1370 396 ἰδίαν
1389 352 1621 408 τεταγμέ-13

122 426 220 474 νοὶις
240 421 492 478 ἡγεμονίαν,
533 417 608 470 οὓς
631 416 684 463 ἄν
711 436 776 470 τις
801 419 904 470 ἴσως
939 418 1015 461 καί
1042 419 1267 473 βιάζεσθαι
1299 418 1589 476 συγχωρήσειε

93 488 398 542 ὄδυναμένοις·
441 483 552 528 ἀλλὰ
582 484 689 541 πρὸς
717 483 962 543 ὅμοφύλους
992 484 1066 526 καί
1094 485 1395 539 οἰκειοτάτους,
1440 486 1504 534 τίς
1537 479 1590 527 ἂν

118 555 224 602 νοῦν
249 551 360 607 ἔχων
395 553 472 595 καί
494 549 653 609 μικράν
676 569 773 595 τινα
804 550 1055 605 ποιούμενος
1078 551 1286 607 φροντίδα
1305 558 1393 601 τοῖς
1413 553 1459 594 ἐν
1480 548 1589 609 ᾅδου

107 619 358 669 -κατάδίκοις
384 616 443 674 μή
471 624 682 671 συνεῖναι,
709 619 872 672 μᾶλλον
898 613 952 660 ἂν
968 616 1191 660 ἅνθέλοιτο
1214 615 1288 658 τὸν
1309 615 1490 670 πόλεμον
1516 618 1591 671 τῆς

104 680 310 741 εἰρήνης,
355 683 495 727 καίτοι
527 699 574 739 γε
604 683 701 726 οὐδ’
727 679 834 725 οὕτω
869 682 1211 738 συμμεμέρισται
1237 679 1341 734 ὑμῖν
1361 688 1446 730 τοῖς
1464 685 1592 734 βασι.-

119 751 250 803 λεῦσι,
267 747 323 792 τοὶ
351 751 428 806 τῆς
454 749 605 806 ἀρχῆς,
634 749 694 800 ὥς
715 745 790 791 τόν
814 749 896 802 μὲν
920 749 998 804 τῆς
1026 749 1073 789 ἐκ
1097 748 1170 804 τῆς
1191 748 1247 790 ἕω
1270 748 1487 804 στρατιᾶς,
1517 749 1592 803 τῆς

69 813 316 873 ποὲσπεριόυ
348 817 398 858 δὲ
431 813 504 858 τὸν
531 816 674 871 ἕτερον
702 819 970 871 στρατηγεῖν·
1015 809 1070 870 ἦν
1099 811 1182 870 γὰρ
1209 810 1322 855 οὕτω
1343 829 1387 854 τι
1408 812 1592 869 μετριώ-

63 929 70 936 ,
115 896 265 939 τερον,
310 879 538 936 Ῥωμαίοις
559 881 640 935 μὲν
669 882 742 922 καί
777 877 889 922 οὕτω
920 878 1144 933 Ῥωμαίων
1173 878 1498 932 συμπιπτόντων
1518 877 1594 921 καὶ

118 949 412 1002 κτεινομένων,
456 943 574 1000 ὅμως
606 947 648 988 δ’
680 941 756 988 οὖν
785 962 881 988 τινα
903 943 1186 1002 παραμυθίαν
1203 943 1249 986 τὸ
1273 942 1333 1000 μή
1359 945 1588 1001 προσήκειν

121 1012 268 1064 αὖτοῖς
304 1016 403 1056 καθ’
434 1007 543 1067 αἷμα
569 1010 667 1061 τούς
702 1012 1106 1068 οἷποσφαπομένους
1144 1011 1370 1064 οἰομένων.
1427 1014 1523 1054 νυνί
1552 1014 1632 1054 ‹5’c

100 1074 254 1129 ὀὕτως
277 1078 304 1135 ἦ
328 1076 444 1135 κοινή
469 1079 553 1122 τῶν
565 1078 787 1132 Ῥωμαίων
808 1076 1089 1120 συνεσκεύασε
1116 1077 1350 1133 δυστυχία,
1380 1076 1437 1127 ὥς
1460 1078 1593 1128 αὐτὰς

71 1142 198 1195 ιότάς
215 1144 348 1195 οἰκίας
373 1142 483 1202 πρὸς
510 1141 696 1199 ἀλλήλας
719 1142 1018 1199 μερισθείσας,
1071 1142 1200 1198 μήτοι
1227 1158 1275 1197 γε
1301 1141 1468 1197 πόλεις,
1519 1147 1593 1187 καί

121 1208 334 1268 α’δελφούς
361 1208 582 1267 οἷλλήλοις,
620 1209 695 1251 καί
716 1211 874 1259 παῖδας
892 1209 1102 1266 πατράσι,
1145 1210 1220 1251 καί
1239 1209 1392 1266 φίλους
1411 1225 1591 1265 γνησιω-

119 1274 265 1325 τάτοις
285 1277 427 1333 quim
453 1275 505 1318 οὗ
529 1278 590 1335 τῷ
617 1278 809 1335 σφετέρῳ
839 1270 1008 1329 αὐτῶν,
1044 1271 1152 1317 ἀλλὰ
1183 1277 1242 1333 τῷ
1269 1276 1354 1319 τῶν
1382 1277 1592 1330 βασιλέων

119 1340 243 1398 ἔχθει
260 1346 472 1396 πολεμεῖν.
494 1343 603 1392 εἰκὸς
631 1344 681 1386 δὲ
701 1344 776 1385 καί
800 1344 902 1399 παρ’
931 1337 1068 1391 αὐτὰς
1094 1339 1171 1391 τὰς
1189 1341 1334 1396 μάχας
1361 1340 1434 1382 τὸν
1462 1343 1589 1384 πατέ-

121 1423 180 1464 ρα
215 1405 291 1451 τὸν
327 1409 478 1451 οἰκεῖον
504 1405 534 1464 ἢ
561 1406 638 1452 τὸν
666 1407 856 1465 ἀδελφὸν
893 1407 1194 1450 οἷποκτείναντά
1230 1423 1326 1450 τινα
1353 1402 1381 1462 ἢ
1409 1404 1484 1449 τὸν
1514 1406 1588 1463 φί-

63 1477 219 1528 aomar,
246 1475 294 1519 ἐν
320 1475 380 1533 τῷ
407 1472 626 1517 σκυλεύειν
652 1473 728 1530 τήν
749 1471 1094 1528 δυστυχεστάτην
1121 1473 1347 1527 ἐπιγνῶναι
1374 1471 1503 1527 νίκην,
1535 1466 1589 1513 οὗ

117 1541 168 1583 τί
189 1537 492 1598 σχετλιώτερον
518 1540 670 1596 γένοιτ’
698 1535 773 1589 ι’ίν,·
815 1533 874 1582 ὧν
915 1537 966 1595 δή
1009 1540 1129 1582 ἕνεκα
1168 1538 1300 1588 αὐτός
1327 1553 1373 1580 τε
1400 1538 1693 1593 ἦγοῦμαιῖὃι

116 1603 194 1662 τὴν
220 1605 387 1664 εἰρήνην
424 1609 683 1660 λυσιτελεῖν,
727 1604 801 1648 καί
827 1603 867 1647 οἱ
896 1600 1015 1647 ἄλλοι
1043 1603 1452 1661 συνεπιψηφίζονται
1479 1602 1587 1645 πάν-

117 1687 199 1722 τες.
223 1669 370 1728 ἐπειδὴ
401 1673 449 1715 δὲ
483 1674 560 1715 νῦν
587 1671 663 1714 καὶ
686 1673 757 1728 ἐφ’
788 1668 949 1721 ὁποίοις
977 1672 1027 1727 δή
1056 1687 1143 1718 τισι
1169 1668 1243 1726 τήν
1270 1667 1439 1726 εἰρήνην
1465 1670 1580 1723 γενέ-ι

119 1741 226 1781 σθαι
253 1739 324 1786 δεῖ
345 1736 563 1795 πρόκειται
589 1744 758 1780 σκοπεῖν
799 1734 907 1779 ὥστε
943 1737 1087 1790 μένειν
1114 1734 1292 1792 βεβαίαν
1315 1737 1388 1777 καί
1411 1733 1472 1789 μὴ
1501 1733 1584 1776 πά-
1602 1743 1634 1775 D

222 1818 276 1852 18.
301 1817 378 1853 τῶν
403 1818 551 1864 πατέρα
570 1817 667 1851 male
698 1816 753 1851 ed.
780 1817 816 1850 P.

121 1884 170 1920 ad
198 1896 326 1920 eorum
351 1896 459 1930 usum
490 1885 563 1931 ipsi
594 1896 741 1932 quoque
763 1896 829 1919 nos
859 1882 1224 1919 accommodaremus.
1285 1883 1470 1930 Quoniam
1494 1894 1579 1918 vcro

119 1943 249 1979 nequo
268 1933 458 1967 adversum
477 1933 568 1966 tales
593 1944 818 1978 pugnamus,
843 1943 964 1978 neque
984 1931 1172 1964 adversum
1197 1941 1280 1970 eos,
1307 1933 1371 1977 qui
1398 1943 1581 1965 sacrorum

121 1980 230 2021 socii,
252 1983 374 2014 cetera
392 1978 530 2020 hostes,
555 1981 631 2014 suis
652 1978 796 2025 legibus
821 1980 970 2019 vivunt,
1004 1989 1094 2024 quos
1126 1977 1278 2010 fortasse
1306 1977 1579 2023 potentioribus

122 2027 386 2073 opprimendos
412 2026 616 2061 condones:
657 2027 722 2060 sed
749 2031 874 2059 contra
905 2024 1146 2070 homophylos
1178 2029 1216 2057 et
1245 2025 1577 2065 coniunctissimos,

121 2073 205 2120 quis
229 2072 416 2120 prudens,
451 2073 622 2115 obsecro,
648 2078 685 2107 et
715 2073 774 2106 vel
808 2073 994 2106 tantillum
1026 2072 1224 2111 sollicitus,
1250 2082 1296 2104 ne
1323 2071 1421 2115 apud
1439 2071 1578 2104 inferos

121 2121 221 2155 inter
242 2119 430 2154 damnatos
448 2121 648 2161 referatur,
670 2120 813 2154 bellum
837 2118 908 2153 hoc
933 2120 1012 2163 paci
1042 2117 1265 2162 anteponat?
1298 2117 1411 2163 Atqui
1446 2129 1492 2151 ne
1526 2119 1579 2151 sie

121 2166 272 2214 quidem
296 2166 401 2202 vobis
424 2167 708 2213 imperatoribus
737 2165 973 2199 distributum
1005 2172 1061 2199 est
1085 2165 1299 2212 imperium,
1329 2170 1372 2199 ut
1397 2165 1490 2198 alter
1511 2176 1577 2198 ve-

121 2219 238 2248 strum
259 2214 424 2249 exercitu
455 2225 501 2248 ex
524 2215 689 2254 oriente,
711 2214 803 2247 alter
826 2225 871 2247 ex
897 2211 1087 2246 occidente
1110 2212 1264 2245 collecto
1292 2211 1448 2246 militet:
1482 2214 1578 2246 esset

122 2261 222 2296 enim
247 2261 288 2296 id
315 2260 556 2300 tolerabilius,
593 2261 822 2308 Quamquam
849 2260 947 2294 enim
977 2260 1127 2293 Romani
1152 2259 1211 2292 vel
1237 2259 1290 2292 sic
1319 2265 1577 2292 concurrerent

121 2319 205 2345 cum
230 2308 401 2343 Romanis
417 2319 530 2355 seque
553 2314 681 2342 mutuo
701 2309 961 2347 interficerent,
987 2311 1110 2340 tamen
1130 2306 1195 2340 illa
1211 2306 1460 2339 consolatione
1478 2307 1575 2339 mul-

121 2360 310 2397 ceremur,
334 2354 435 2402 quod
462 2356 643 2402 perempti
671 2355 775 2388 nulla
806 2366 843 2388 se
868 2353 1084 2399 cognatione
1118 2354 1349 2398 attingerent.
1397 2352 1503 2385 Nunc
1533 2354 1575 2386 in

121 2402 306 2437 communi
325 2403 566 2436 Romanorum
592 2403 800 2436 calamitate
825 2402 878 2436 ita
909 2412 948 2434 se
980 2410 1036 2433 res
1063 2399 1196 2441 habet,
1232 2405 1274 2432 ut
1296 2400 1398 2445 ipsae
1432 2399 1575 2439 domus,

121 2447 260 2483 nedum
277 2448 388 2483 urbes
410 2449 450 2483 in
471 2460 510 2483 se
531 2450 669 2484 divisae
685 2450 758 2482 sint
773 2473 783 2489 ‚
810 2453 847 2482 et
868 2448 994 2481 fratres
1018 2458 1099 2480 cum
1125 2446 1316 2486 fratribus,
1343 2453 1380 2480 ct
1406 2446 1473 2479 filii
1493 2457 1577 2479 cum

121 2495 352 2540 parentibus,
373 2500 412 2530 et
435 2497 546 2530 amici
566 2507 647 2530 cum
668 2496 794 2529 amicis
825 2495 1118 2539 germanissimis,
1139 2506 1213 2528 non
1234 2505 1298 2526 suo
1310 2495 1484 2539 ipsorum,
1511 2491 1577 2526 sed

122 2543 385 2588 imperatorum
408 2542 506 2578 inter
527 2555 566 2578 se
591 2543 678 2577 odio
696 2542 982 2587 deproelientur.
1021 2540 1230 2575 Verisimile
1250 2551 1357 2585 porro
1375 2545 1441 2580 est,
1468 2551 1579 2585 quos·

125 2587 209 2624 dam
227 2589 505 2624 interfectorum
526 2602 547 2624 a
572 2601 610 2624 se
627 2594 774 2635 patrum
799 2599 968 2630 suorum,
992 2593 1056 2621 aut
1082 2588 1251 2628 fratrum,
1285 2593 1348 2620 aut
1378 2586 1577 2620 amicorum

124 2636 244 2680 spolia
272 2637 456 2681 legentes,
483 2637 769 2671 infelicissimam
785 2636 972 2670 victoriam
992 2635 1197 2680 agnituros:
1227 2647 1299 2681 quo
1320 2633 1410 2680 quid
1430 2633 1578 2666 tandem

123 2681 399 2718 miserabilius?
434 2684 492 2719 Ob
518 2683 584 2718 has
609 2696 666 2718 res
695 2695 760 2729 ego
786 2683 972 2728 ceterique
1001 2693 1126 2716 omnes
1158 2682 1306 2715 omnino
1336 2691 1461 2726 pacem
1489 2691 1577 2713 con-

123 2729 258 2764 ducere
283 2730 472 2765 sentimus.
522 2730 621 2777 Quia
647 2742 730 2776 ergo
755 2741 853 2764 nunc
873 2734 988 2764 certas
1018 2729 1065 2763 ob
1102 2740 1225 2762 causas
1251 2739 1328 2761 eam
1355 2727 1577 2761 constituere

220 2795 509 2839 Caneaeuzenus.
1272 2801 1280 2820 ι
1296 2800 1304 2821 ι
