1760 3152
410 132 748 176 mmmm
790 136 1147 180 menn-Arum.
1333 108 1521 181 xxxur

109 281 119 288 ι
173 238 213 286 ’j
223 257 296 273 ......
325 236 489 292 quidem
501 237 646 278 Caesar
665 237 741 277 fuit
759 239 956 279 secundus
975 242 1027 280 ab
1047 243 1284 295 imperatore
1303 217 1362 296 (ut
1378 209 1500 283 hodie

136 339 159 349 ‚
186 312 232 329 w
251 313 255 328 ι
278 314 284 329 ι
304 305 413 333 rum
431 299 490 332 est
508 294 552 332 in
570 293 766 333 occidenti
785 295 964 347 imperio)
989 302 1028 335 et
1045 297 1219 336 obtinuit
1237 297 1314 337 hoc
1335 297 1387 337 ad
1406 297 1499 336 Ale-

106 352 123 395 j.
147 374 150 380 .
179 349 434 392 Comnenum
450 361 591 402 usque:
621 355 759 412 postea
778 348 1075 389 Sebastocrator
1099 352 1295 391 secundus
1314 359 1373 392 est
1391 351 1501 392 habi-

124 419 131 423 ·
147 429 150 435 -
181 403 183 407 ’
215 403 361 444 Caesar
378 403 521 443 tertius
541 417 624 442 esse
644 405 798 457 coepit,
820 417 913 443 cum
934 403 1097 444 Alexius
1119 406 1347 447 Comnenus
1366 406 1503 446 Isaaci-

173 478 223 507 .,·
250 477 293 493 '¹¹
323 457 644 498 Sebastocratora
663 433 835 511 dicere’t3
872 466 1012 498 auctor
1044 460 1234 500 Zonaras.
1292 462 1504 502 Postremo

87 558 90 572 5
107 555 114 559 ,,
135 506 145 523 “’
163 535 167 544 .
204 532 228 549 ·--
273 515 359 554 sive
377 512 564 553 dominus
582 513 634 553 ab
651 515 890 568 imperatore
904 514 1102 554 secundus
1121 523 1179 556 est
1197 516 1340 567 factus,
1359 531 1505 571 nempe

89 568 97 580 '⁴
154 569 220 613 31„
237 567 522 623 Palaeologus,
541 582 636 608 cum
654 569 762 610 idem
782 569 1011 609 Comnenus
1030 569 1121 609 filiis
1140 571 1317 609 maribus
1338 586 1503 623 carens,

85 634 89 636 “
121 633 136 679 J
158 643 199 658 zm
240 622 364 665 filiam
391 637 506 664 suam
532 624 839 678 primogenitam
859 623 1001 664 Alexio
1029 623 1124 664 huic
1162 625 1374 678 despondit
1400 641 1507 666 eum-

98 706 110 723 -,
125 708 132 711 Δ
143 677 270 725 ⁴titulo
289 677 493 744 despotae,
521 678 564 718 id
583 685 658 730 est,
687 679 858 731 domini,
877 680 1052 730 omavit‚
1081 679 1261 719 futurum
1279 694 1436 749 nempe
1440 682 1506 721 he-

98 775 101 779 ,
119 776 124 780 ,
151 777 155 782 ,
176 735 396 799 irnperii,
413 735 490 774 nisi
509 741 637 774 morte
655 734 835 774 sublatus
856 741 974 786 esset,
1002 741 1103 774 teste
1123 736 1301 788 Gregora
1317 735 1390 774 lib.
1415 736 1452 775 3.

84 774 510 853 ⁴³4.2114>extremm}2:1⁷1&‚
525 789 729 844 Princeps
750 803 822 829 seu
841 789 1004 844 primus
1023 789 1306 843 psallentium.
1373 790 1508 830 Eccle-

109 833 164 853 “
217 857 259 882 m
276 857 424 884 nomen
450 850 530 896 est,
559 843 610 884 de
629 843 736 884 clero
754 844 906 898 palatii.
962 843 1151 885 Forsitan
1181 847 1367 899 magister
1395 845 1508 886 chori

147 897 277 939 simile
297 898 506 952 quiddam.

21 953 23 955 ’
59 944 85 979 '⁴²‘
96 976 131 1016 «5
127 951 430 1005 ’,Δομὲστικοι,
446 953 786 994 Domestici.1n
775 966 862 994 iure
875 953 1131 1019 appellantur
1148 954 1354 995 domestici
1368 968 1508 996 omnes

70 995 113 1062 Ὗ
113 1026 162 1060 '.‘.
177 1021 257 1048 ures
298 1009 383 1048 sive
423 1007 646 1048 administri
673 1008 849 1063 legitime
872 1011 1043 1049 instituti
1071 1023 1095 1049 a
1115 1011 1228 1049 iustis
1260 1010 1511 1050 functionum

27 1104 41 1116 ι,
74 1065 84 1070 ”
100 1059 116 1077 ²*
159 1062 304 1117 ;·pihus
333 1065 376 1102 in
394 1062 560 1117 palatio,
592 1070 662 1103 aut
680 1065 722 1103 in
742 1064 846 1115 foro,
875 1072 945 1104 aut
962 1066 1004 1104 in
1025 1064 1338 1105 ecclesia.1n
1342 1066 1508 1120 palatio,

42 1139 46 1146 v
127 1130 298 1172 magnus
327 1118 584 1175 domesticus,
615 1118 857 1159 domesticus
886 1131 1062 1170 mensae,
1094 1118 1335 1160 domesticus
1363 1121 1512 1161 schola-

20 1207 23 1218 ,
52 1168 107 1221 ’γ’”“’
120 1193 125 1205 .·
195 1172 434 1214 domesticus
453 1187 678 1224 murorum,
700 1174 940 1214 domesticus
971 1176 1181 1228 regionum
1206 1181 1283 1214 etc.
1341 1175 1387 1214 In
1407 1176 1510 1229 foro,

19 1255 21 1258 .
54 1240 58 1266 J
88 1254 106 1289 χ,
111 1223 326 1268 domestici
344 1228 844 1280 iudicum,administri.1n
864 1229 1044 1281 ecclesia,
1062 1237 1109 1268 ut
1123 1228 1362 1271 domesticus
1381 1231 1512 1283 chori,

0 1324 16 1333 ff
97 1301 156 1318 em
163 1301 190 1318 «s
207 1284 298 1323 scus
316 1285 528 1324 ianuarum
548 1291 620 1323 etc.
627 1297 842 1338 ,quorum
860 1286 1043 1324 omnium
1063 1283 1214 1323 functio
1234 1283 1513 1336 δομεστίκειον

10 1341 12 1344 ’
108 1349 145 1378 e
161 1335 243 1403 δομ
245 1337 440 1404 sarlmov,
459 1339 502 1379 id
521 1345 596 1387 est,
617 1314 916 1390 domesticatus,
945 1339 1051 1379 dicta
1071 1346 1146 1378 est.

12 1423 39 1459 4
79 1431 82 1434 ,
161 1367 552 1447 Ραιφερενὸαριος,
579 1393 927 1448 Refhrendarius.
985 1393 1286 1434 Ecclesiasticae
1311 1393 1514 1449 dignitatis

28 1438 224 1514 immun,
246 1448 388 1488 Latine
404 1447 584 1504 Relator,
604 1450 674 1503 qui
695 1448 888 1504 allegatur
910 1448 961 1489 ad
981 1451 1261 1504 imperatorem
1281 1457 1321 1490 et
1337 1451 1513 1491 sacerdo-

16 1494 144 1551 ἔξω
161 1503 396 1544 maximum.

50 1563 60 1570 ”
177 1554 611 1612 Παννπερσὲβαστος,
639 1558 969 1613 Angustissimus
993 1559 1189 1603 omnium.
1261 1557 1330 1599 Ab
1365 1557 1508 1601 Alexio

20 1605 269 1667 55ᾱῼοὴιιθιιο
288 1614 430 1655 titulus
449 1617 653 1667 inventus,
677 1623 723 1655 ut
742 1615 931 1655 Michaeli
952 1616 1168 1654 Taronitae
1198 1616 1484 1669 gratificaretur
1500 1644 1512 1667 ,

7 1657 172 1723 viquos!
187 1668 327 1709 scribit
343 1670 520 1710 Zonaras
538 1677 649 1710 tomo
670 1671 710 1711 3.
732 1670 809 1710 sub
829 1671 964 1711 finem.
995 1671 1185 1724 Superior
1206 1677 1290 1709 erat
1308 1672 1511 1724 omnibus,

22 1707 210 1783 {betium
198 1735 286 1778 ipso
305 1726 624 1789 protovestiario,
654 1739 799 1778 magno
818 1725 935 1776 duce,
964 1738 1109 1779 magno
1128 1725 1344 1764 domestico
1364 1734 1439 1765 etc.

15 1787 42 1811 “-”-
152 1774 568 1831 Πρωτοβεστιάριος
581 1808 593 1831 ‚
635 1780 1012 1820 Protovestiarius.
1083 1780 1215 1819 Huius
1250 1779 1428 1820 officium
1458 1783 1514 1820 sic

15 1820 316 1879 {desei-ibim.
374 1832 628 1874 Ascendente
659 1835 782 1887 igitur
801 1836 1040 1898 imperatore
1053 1860 1065 1883 ‚
1094 1841 1141 1873 ut
1160 1833 1405 1874 declaratum
1424 1843 1515 1886 est,

19 1884 38 1939 ᾗ*
46 1934 52 1943 ,
61 1887 113 1928 ad
141 1889 377 1939 oratorium,
409 1888 746 1929 Protovestiarius
759 1918 771 1939 ,
810 1891 879 1943 qui
908 1887 1099 1942 pilaticia,
1129 1902 1231 1942 quae
1264 1891 1516 1943 imperatoris

22 1947 50 1982 ἰ·
59 1949 315 1999 prospectum
333 1943 552 1997 obtegunt,
581 1951 651 1983 aut
679 1952 835 1997 sceptra
866 1943 1070 1983 iudicialia
1096 1951 1221 1994 tenet,
1250 1952 1297 1983 ut
1316 1946 1360 1985 in
1390 1945 1516 1984 altum

61 1997 255 2049 subvecta
272 2005 381 2049 sunt,
410 1997 547 2038 dextra
564 2011 688 2038 manu
707 2012 779 2038 sua
799 1997 970 2038 educens
990 2012 1063 2049 ea,
1095 2010 1117 2037 e
1133 1999 1328 2052 prothyro
1343 2000 1517 2039 ostendit

61 2052 212 2108 populo
223 2081 236 2104 ,
264 2051 541 2092 demonstrans
557 2052 637 2094 hoc
655 2055 769 2107 signo
781 2080 794 2105 ,
828 2053 1050 2092 ascendisse
1069 2054 1351 2107 imperatorem
1370 2056 1412 2094 in
1432 2069 1515 2094 ora-

21 2101 36 2158 '‚
59 2109 227 2148 *borium-
295 2107 374 2148 Hic
392 2115 525 2148 autem
555 2110 598 2147 in
618 2111 809 2159 oratorio,
839 2110 871 2147 si
898 2110 1114 2161 imperator
1145 2116 1215 2148 aut
1241 2124 1358 2149 suum
1389 2112 1514 2163 ipsius

27 2183 33 2199 ÷
61 2169 231 2210 stemma
263 2169 334 2203 aut
361 2162 526 2218 aliquod
545 2163 655 2202 aliud
674 2173 877 2218 gestamen
896 2177 1013 2202 suum
1033 2169 1255 2217 gestaturus
1282 2173 1356 2216 est,
1377 2166 1516 2204 Proto

30 2239 36 2254 ι
63 2219 290 2270 vestiarius,
319 2220 511 2272 inquam,
540 2220 662 2259 sumit
689 2218 791 2258 illud
811 2233 835 2257 a
862 2219 1054 2257 ministris
1081 2219 1256 2258 rucharii
1286 2227 1325 2259 et
1350 2222 1516 2273 impera

63 2274 142 2323 tori
174 2273 311 2313 tradit.
341 2287 472 2328 neque
491 2274 534 2313 id
553 2273 711 2314 solum‘
701 2288 743 2312 in
774 2281 954 2327 tempore
988 2274 1183 2312 eiusmodi
1209 2274 1398 2317 festorum
1429 2276 1514 2314 die«
1580 2298 1591 2308 μ

64 2340 182 2379 mm,
209 2342 351 2368 verum
377 2331 496 2373 etiam
526 2342 682 2383 semper
705 2330 760 2368 ita
783 2329 892 2368 fac1t.
950 2327 999 2367 Id
1026 2342 1123 2368 vero
1152 2330 1270 2368 etiam
1304 2332 1514 2384 proprium

65 2389 108 2423 et
131 2357 330 2436 singulare
360 2383 482 2424 habet
496 2413 508 2435 ,
549 2384 659 2437 quod
692 2385 724 2422 si
756 2383 853 2437 quid
889 2381 1064 2423 alienum
1090 2384 1251 2435 viderit,
1281 2393 1350 2424 aut
1367 2385 1514 2436 lutum,

64 2443 137 2478 aut
156 2438 257 2492 quid
279 2438 389 2478 aliud
418 2439 470 2478 ad
487 2440 737 2493 imperatoris
762 2445 929 2488 vestem,
959 2438 1162 2491 deponens
1195 2439 1262 2478 ille
1299 2440 1517 2479 umbellam

67 2499 139 2533 aut
168 2500 327 2547 tegmen
352 2495 491 2548 capitis
519 2496 610 2544 sui,
641 2499 797 2533 extenta
831 2507 954 2532 manu
981 2493 1115 2543 tollit,
1145 2502 1214 2534 aut
1242 2503 1387 2549 purgat
1417 2495 1518 2534 illud

0 2584 2 2586 .
68 2560 152 2589 non
175 2556 351 2602 rogatus.
404 2549 466 2589 Ex
494 2550 682 2589 omnibus
705 2562 803 2589 vero
829 2549 915 2588 aliis
938 2549 1186 2601 principibus
1206 2562 1324 2590 nemo
1350 2551 1520 2590 auctori·¹

34 2627 42 2643 ¹«
66 2607 191 2652 tatem
216 2603 338 2643 habet
365 2604 535 2644 faciendi
566 2606 685 2654 istuc,
715 2605 784 2643 sed
809 2604 875 2642 ille
896 2603 1019 2642 solus.
1077 2604 1277 2644 Pilaticia
1297 2614 1356 2644 est
1381 2619 1482 2658 opus
1497 2616 1519 2643 θ

23 2663 29 2706 ,ζ
69 2669 111 2695 ιιι
181 2659 293 2698 aritis
318 2673 411 2698 cum
430 2659 604 2711 fimbria,
626 2661 668 2698 in
688 2659 979 2711 longitudinem
996 2659 1129 2698 minus
1157 2660 1370 2712 spithama,
1401 2663 1442 2698 in
1469 2658 1521 2699 la-

0 2717 1 2721 ’
27 2708 57 2750 ⁷.
69 2712 119 2750 tit
177 2713 185 2721 '
218 2727 281 2752 em
300 2721 434 2754 autem
458 2713 610 2768 palmo,
630 2728 732 2767 quae
747 2728 813 2753 rex
832 2714 1046 2753 Medorum
1067 2715 1245 2767 gestabat
1263 2716 1522 2768 similiterque

177 2778 469 2819 Cantacuzenus.
1243 2791 1262 2815 c
