1820 3164
545 144 924 189 ms'romARUM
966 148 1021 189 11.
1064 150 1133 194 31⁸.
1462 125 1570 202 507

125 243 183 306 ἦν
214 249 288 307 τῆς
321 246 470 298 νυκτός
497 247 804 306 πεπληρωκαὶς·
851 251 992 307 ἕτεραι
1027 249 1106 307 γὰρ
1145 244 1219 292 οὔκ
1256 245 1410 304 ἔτυχον
1449 241 1666 291 offeratae.
1685 252 1770 299 ¹337

125 315 330 371 πλῶἳμοι.
384 312 624 369 πυθόμενος
664 317 711 359 δὲ
737 313 795 366 ὥς
823 315 864 359 οἱ
889 317 968 370 μὲν
994 317 1078 360 τῶν
1100 313 1330 373 βαρβάρων
1355 313 1574 371 ἤττηθεῖεν

61 384 91 435 ’,
123 379 243 438 παρὰ
263 377 455 439 μεγάλου
494 381 742 435 δομεστίκου
771 381 847 425 καὶ
870 385 948 438 τῆς
975 384 1178 439 στρατιᾶς
1193 416 1206 436 ,
1234 383 1307 424 ἐπὶ
1330 381 1376 423 δὲ
1403 378 1502 431 τούς
1529 376 1575 423 ἓ-

122 443 272 505 τέρους
296 441 378 504 ἤδη
406 445 794 505 παρασκευάζονται
821 454 1003 506 χωρεῖν,
1050 445 1216 503 α’ποβὰς
1253 448 1326 503 τῆς
1352 445 1568 503 τριήρεως,
1579 456 1624 491 V.
1647 455 1714 502 ²47

95 512 217 558 sensa*
239 514 324 557 τῶν
349 514 579 569 βασιλικῶν
606 510 657 556 οὖ
686 517 880 571 παρῆσαν
909 516 1040 569 ἵπποι,
1069 515 1146 557 τοῦ
1172 513 1355 570 μεγάλου
1382 515 1578 567 δομεστί-

30 572 55 634 {⁹
123 588 202 623 κὀυ
229 580 342 639 ἵππῳ
369 578 543 636 ἐπιβάς,
589 574 703 635 ἄγων
737 581 811 623 καὶ
845 579 923 637 τήν
951 577 1157 638 στρατιάν
1182 580 1336 636 ἐχώρει
1364 577 1467 621 κατά
1495 579 1577 622 τῶν

31 633 55 697 3,ss
123 646 309 703 Περσῶν
334 647 498 704 σπουδῇ
523 647 657 703 πολλῇ
683 645 757 688 καί
781 647 1028 705 προθυμίᾳ.
1076 644 1151 689 καὶ
1173 646 1395 701 γενόμενος
1421 646 1520 687 καθ’
1545 643 1578 686 ἃ

27 696 51 750 σε
124 710 167 756 οἷ
191 713 365 770 Πέρσαι
397 713 614 769 έλῆΐζοντο
649 713 790 769 χωρία
803 745 818 766 ,
864 714 1094 767 συνέβαλλέ
1131 728 1176 756 τε
1212 712 1286 755 καὶ
1317 711 1434 754 ἐνίκα
1472 710 1576 754 κατὰ

22 749 55 892 ἓ
122 778 286 835 κράτος.
344 775 453 835 πλὴν
477 775 557 835 γάρ
587 774 738 834 ὀλίγων
765 777 838 821 καί
863 779 991 822 αὐτοὶ
1018 777 1059 821 οἱ
1083 780 1164 833 μὲν
1192 776 1340 820 ἔπεσον
1368 776 1475 819 κατὰ
1500 775 1577 833 τὴν

22 842 50 904 [4-
73 842 292 901 iquoippr,
319 841 360 887 οἱ
387 844 427 886 δ’
453 840 657 888 ἑάλωσαν.
713 840 804 888 ὅσοι
832 846 878 888 δὲ
905 843 954 887 τὸ
987 844 1279 901 διαφθαρῆναι
1304 839 1577 899 ἠδυνήθησαν

23 920 45 964 5
123 911 361 968 διαφυγεῖν,
389 908 505 968 παρὰ
534 909 612 962 τάς
637 912 738 961 ναῦς
764 910 842 961 τὰς
868 907 1032 954 ἑαυτῶν
1058 907 1269 964 ἐλθόντες,
1297 908 1401 963 μίαν
1424 910 1503 963 μὲν
1530 909 1576 951 έ-

38 971 42 976 Ι
122 976 334 1034 πλήρουν,
364 979 467 1021 δυσὶ
500 978 548 1021 δὲ
583 975 748 1035 ἑτέραις
757 1010 774 1029 ,
814 979 866 1035 τῇ
905 977 984 1032 μὲν
1020 973 1143 1031 ὄκταὶ,
1173 977 1274 1020 δέκα
1303 977 1349 1018 δὲ
1376 976 1429 1033 τῇ
1456 971 1620 1034 ἑτέρᾳῐ)

121 1041 362 1099 ἐπιβάντες,
402 1043 515 1088 ἱστία
544 1060 588 1087 τε
617 1039 790 1102 ἄραντες
819 1045 893 1086 καί
918 1043 1154 1098 πνεύματος
1191 1040 1465 1099 εὐτυχηκότες
1485 1043 1580 1084 ἐπι-

15 1102 55 1170 ἐξ,
123 1108 286 1167 φόρου,
328 1108 445 1168 παρὰ
475 1109 603 1162 δόξαν
630 1112 830 1169 διέφυγον
857 1109 906 1153 τό
938 1108 1175 1153 ἀπολέσθαι
1184 1144 1198 1165 ,
1241 1105 1374 1160 οὕτως
1415 1103 1581 1151 ἄνωθεν

17 1159 41 1194 Ξ
75 1175 206 1220 ιὸτοῦ
247 1177 354 1218 θεοῦ
389 1175 465 1219 καὶ
498 1175 574 1233 την
615 1179 827 1234 σωτηρίαν
866 1175 940 1219 καὶ
972 1175 1048 1234 τὴν
1076 1172 1206 1234 ἧτταν
1232 1181 1322 1227 τοῖς
1346 1175 1582 1233 βαρβάροις

122 1239 476 1300 πρυτανεύοντος.
531 1244 577 1286 αἱ
615 1243 696 1300 γάρ
739 1243 848 1298 μετά
891 1247 1099 1299 βασιλέως
1127 1244 1332 1286 ἐλθοῦσαι
1359 1240 1434 1285 δύο
1460 1239 1581 1299 τριή-

124 1323 236 1365 ρεις,
277 1310 371 1352 ἐπεὶ
408 1307 487 1360 τὰς
512 1307 737 1366 Περσικὰς
777 1305 890 1352 εἶδον
932 1306 1151 1364 α’ραμένας
1188 1307 1291 1365 πρὸς
1321 1307 1369 1351 τό
1403 1310 1582 1363 πέλαγος

122 1374 240 1419 ἴοτία
266 1373 340 1418 ἐπὶ
369 1376 508 1433 φυγῇ,
562 1379 617 1434 τῇ
645 1377 803 1434 εἰρεσίᾳ
833 1374 911 1432 τήν
945 1374 1086 1427 δίωξιν
1116 1375 1481 1433 ἀπαγορεύσαντες
1509 1372 1581 1417 διὰ

0 1446 10 1501 1,
121 1437 174 1484 τὸ’
191 1438 378 1497 μηκόθεν
408 1440 487 1490 τὰς
517 1441 739 1498 Περσικοῖς
767 1441 870 1502 ὅρᾷν
898 1440 1090 1500 ἐπιφόρῳ
1119 1440 1323 1495 πνεύματι
1348 1442 1584 1498 χρωμένας,

14 1543 16 1545 ,
68 1504 260 1564 ποαῖρειν
282 1503 475 1564 ὥρμηντο
504 1506 619 1550 ἱστία
645 1509 720 1550 καί
746 1509 881 1556 αὐτοί.
936 1505 1024 1562 ἅμα
1054 1510 1101 1551 δὲ
1127 1507 1344 1563 αἶρόντων,
1398 1509 1483 1550 τῶν
1504 1509 1584 1561 μὲν

123 1571 371 1630 ἐρ’ράγησαν
413 1574 454 1617 οἱ
496 1572 610 1616 κάλω
654 1571 717 1624 οἷς
757 1574 912 1630 ἀνῆγον
959 1572 1036 1630 τήν
1069 1573 1265 1631 κεραίαν·
1319 1576 1403 1616 τῶν
1428 1570 1584 1630 ἑτέρων

123 1639 173 1680 δὲ
202 1635 400 1695 ἢκεραία
430 1643 695 1694 καταχθεῖσα
749 1642 972 1683 κατέπεσεν
999 1642 1070 1682 ἐπὶ
1098 1642 1175 1682 τοῦ
1205 1638 1584 1696 καταστρώματος.

123 1702 198 1747 κατ’
231 1700 367 1755 οὕτως
408 1704 637 1760 ἀπέσχοντο
669 1704 717 1748 τό
747 1707 912 1749 διώκειν
949 1704 1218 1756 ἀπειπόντες.
1275 1705 1319 1748 αἱ
1359 1705 1506 1747 λοιπαὶ
1536 1705 1583 1746 δὲ

122 1770 245 1814 πέντε
273 1775 384 1828 τρεῖς
410 1772 485 1814 καί
510 1772 731 1829 τριάκοντα
769 1767 895 1815 οὖσαι
929 1773 1023 1828 νῆες
1056 1770 1272 1829 Περσικαὶ
1299 1773 1573 1830 κατελείφθη·
1583 1782 1704 1822 Ρ.309

125 1895 257 1944 liquae
286 1896 384 1930 enim
408 1899 486 1930 tum
510 1896 735 1942 navigationi
757 1907 832 1930 non
857 1901 961 1930 erant
989 1895 1159 1939 idoneae)
1181 1895 1447 1943 adnavigabat:
1476 1908 1579 1931 com-

178 1948 324 1990 noque,
352 1943 589 1978 barbarorum
614 1944 696 1977 aliis
720 1955 741 1977 a
764 1954 893 1989 magno
919 1944 1117 1978 domestico
1142 1944 1244 1985 fusis,
1271 1956 1354 1978 eum
1377 1945 1416 1978 in
1441 1950 1579 1979 ceteros

143 2002 200 2026 am
232 1990 304 2024 iter
330 1991 493 2033 -moliri,
539 1991 678 2024 triremi
725 1990 946 2025 exscendens
961 2016 971 2032 ‚
1009 1992 1180 2038 quoniam
1222 1992 1448 2036 imperatorii
1492 1991 1578 2038 equi

123 2049 202 2074 non
226 2037 397 2079 aderant,
420 2038 461 2073 in
492 2049 627 2085 equum
658 2037 848 2072 domestici
874 2039 1014 2072 interea
1050 2038 1217 2074 ascendit
1253 2044 1291 2072 et
1311 2050 1392 2072 cum
1415 2039 1490 2072 suis
1516 2040 1578 2073 in-

92 2096 104 2101 *
127 2084 228 2142 genti
259 2084 381 2119 studio
417 2085 619 2131 ardoreque
643 2091 766 2119 contra
790 2086 911 2120 Persas
947 2084 1057 2119 vadit.
1117 2085 1187 2119 Ubi
1214 2085 1261 2118 ad
1294 2086 1414 2119 locum
1450 2085 1576 2126 venit,

126 2143 169 2167 m
196 2143 270 2178 quo
309 2132 367 2166 illi
405 2131 674 2178 direptionibus
719 2143 760 2165 ac
806 2132 950 2178 praedis
989 2132 1141 2178 agundis
1174 2132 1379 2174 vacabant,
1414 2131 1577 2166 conflixit

126 2179 288 2226 vicitque
311 2179 476 2214 viriliter.
525 2179 617 2212 Nam
643 2184 681 2213 et
716 2181 813 2224 ipsos
850 2185 951 2213 extra
986 2191 1119 2225 paucos
1175 2186 1240 2214 aut
1286 2180 1474 2214 interemit
1510 2184 1574 2213 aut

128 2227 288 2272 captivos
316 2225 432 2260 duxit.
487 2225 563 2273 Qui
589 2237 714 2259 necem
744 2228 900 2273 effugere
934 2231 1132 2271 potuerunt
1146 2251 1158 2268 ,
1182 2226 1229 2260 ad
1256 2238 1364 2260 naves
1388 2237 1579 2260 recurren-

127 2278 184 2308 tes
200 2298 210 2314 ,
235 2283 345 2307 unam
369 2271 518 2320 quidem
544 2274 838 2317 compleverunt,
863 2273 1004 2307 duabus
1028 2273 1108 2307 aliis
1122 2298 1136 2315 ,.
1156 2275 1222 2307 uni
1249 2280 1350 2314 octo,
1376 2274 1482 2308 alteri
1506 2273 1577 2306 de·-

127 2330 207 2354 eem
227 2321 470 2365 imponentes,
493 2321 574 2354 vela
598 2321 841 2361 sustulerunt,
867 2331 908 2354 ac
930 2325 1058 2354 ventos
1085 2320 1261 2354 secundos
1289 2320 1437 2366 adepti,
1463 2321 1575 2354 exiti-

129 2378 191 2401 um
217 2372 360 2412 praeter
383 2368 594 2413 opinionem
619 2379 719 2401 suam
745 2372 959 2402 evaserunt:
988 2369 1039 2401 sie
1064 2368 1141 2401 Deo
1171 2368 1325 2402 caelitus
1351 2367 1511 2400 barbaris
1538 2371 1576 2400 et

129 2419 174 2448 ut
196 2415 452 2456 vincerentur,
479 2419 517 2448 et
545 2420 585 2448 nt
609 2421 848 2455 servarentur,
875 2413 995 2455 ambo,
1022 2414 1185 2461 inquam,
1213 2414 1303 2448 haec
1329 2414 1575 2459 dispensante,

129 2460 221 2494 Nam
247 2472 341 2507 quae
370 2473 451 2495 cum
475 2463 692 2506 imperatore
716 2467 897 2496 venerunt
916 2462 1079 2496 triremes
1105 2461 1235 2502 binae,
1260 2468 1301 2495 ut
1328 2462 1484 2495 Persicas
1507 2471 1574 2493 na-

129 2519 191 2542 ves
217 2507 390 2542 viderunt
426 2508 556 2552 pedem
596 2509 724 2543 fecisse
764 2514 801 2542 et
826 2509 982 2554 fugisse,
1007 2509 1244 2554 remigatione
1269 2508 1450 2553 fugientes
1476 2518 1576 2540 asse-

132 2555 197 2635 pui
234 2565 341 2599 posse
371 2554 484 2589 diffisi
527 2555 653 2602 (quod
677 2556 806 2600 procul
831 2567 889 2589 eas
912 2555 1057 2590 flamine
1081 2567 1257 2602 prospero
1284 2556 1370 2588 ferri
1394 2554 1577 2598 viderent)

150 2602 351 2636 estium-unt
373 2607 411 2636 et
437 2603 534 2648 ipsae
553 2615 635 2636 cum
658 2604 826 2636 antennis
850 2603 930 2638 vela
954 2603 1093 2637 tollere.
1119 2604 1214 2636 Dum
1240 2603 1421 2642 tollerent,
1446 2601 1576 2634 horum

133 2648 262 2690 funes,
287 2649 419 2695 quibus
443 2655 636 2684 antennam
663 2650 894 2683 attrahebant
920 2650 1203 2695 rumpebantur:
1229 2649 1376 2682 illorum
1405 2653 1575 2689 antonna,

132 2700 241 2728 vento
267 2695 407 2730 deiecta
426 2697 463 2730 in
488 2696 691 2731 tabulatum
718 2696 928 2731 decidebat:
955 2702 1063 2743 atque
1090 2698 1141 2730 ita
1166 2709 1203 2731 re
1228 2697 1430 2741 desperata,
1453 2706 1576 2740 perse-

136 2743 281 2778 cutione
307 2743 536 2783 abstiterunt.
600 2743 704 2790 Quae
742 2744 929 2781 restabant
964 2744 1099 2791 quinae
1146 2749 1182 2778 et
1206 2743 1365 2778 tricenae
1390 2743 1577 2779 Persarum
