1786 3126
228 61 264 131 8
760 71 1130 116 οΑΝΤΑουΖΕΝι

227 194 310 234 ρος·
339 176 375 219 οἷ
403 178 481 231 μὲν
502 174 790 228 τόνπάππον,
821 172 933 218 virs&
961 171 1034 215 τὸν
1060 175 1256 230 νεώτερον
1279 173 1434 223 αι’τίαις
1452 173 1672 229 ἔνέχεσθαι

218 240 377 298 ἥξιουν.
427 240 506 296 ἐγώ
534 243 580 283 δὲ
602 236 762 282 άκούων
781 238 956 295 ἐπλήγην
982 243 1068 288 τοῖς
1091 238 1247 294 λόγοις,
1303 237 1521 298 ρᾳθυμίαν
1550 235 1672 282 κατε..

194 306 398 362 Ογνωκοός
419 308 502 349 τῶν
531 303 694 361 ἀνδρῶν
702 339 717 360 ,
761 305 802 347 ol*
829 304 1234 361 παρηκολουθηκότες
1259 309 1344 353 τοῖς
1366 302 1600 361 πράγμασιν
1627 305 1673 356 ἐξ

230 370 383 428 ἀρχῆς,
425 368 472 413 οὖ
498 372 713 413 κατέλιπον
737 371 794 426 τῷ
821 368 899 427 βίῳ
929 368 1004 425 τὴν
1031 371 1116 411 ταῖν
1151 370 1445 426 πεπραγμένων
1472 369 1674 426 διήγησιν.

232 434 317 479 ἀλλ’
340 436 430 478 ἔστι
448 435 521 478 καί
543 434 640 492 περὶ
652 434 816 478 ἐκείνων
839 435 964 476 διπλᾶ
988 433 1248 488 λογίζεσθαι,
1276 432 1557 490 καθάπερ,και“
1575 430 1699 490 περὶὄ

140 511 176 547 Ρ.
192 512 216 547 2
230 502 312 543 τῶν
344 497 572 543 Εὐκλείδου
605 498 754 556 φασίν.
801 495 905 540 ἀλλὰ
930 496 983 540 σι)
1017 498 1174 548 δίκαιος
1208 495 1258 541 ἂν
1290 497 1377 555 εἴης
1401 496 1675 540 ἀπαλλάττειν

227 567 480 623 πραγμάτων
501 565 632 620 ἡμᾶς,
672 563 725 607 τά
745 579 789 606 τε
811 562 883 607 ἐπὶ
905 564 989 606 τῶν
1006 565 1212 618 βασιλέων
1229 563 1283 606 τά
1307 578 1353 606 τε
1378 558 1445 620 ἐφ’
1465 557 1584 619 ἦμῶῘν
1607 577 1674 617 γε.

233 629 379 685 γονότα
409 630 592 680 διδάξας
643 627 690 672 τὸ
721 623 760 672 δ’
788 624 839 671 ἂν
863 629 1040 684 γένοιτο,
1092 627 1393 685 ἐπιτομωτάτῃ
1413 626 1674 683 χρησάμενος

223 697 317 754 ΰδῷ
334 711 416 737 τινι
442 696 702 751 συγγραφῆς,
742 690 793 736 δι’
815 689 866 750 ἧς
892 693 1020 750 μόνης
1050 692 1186 746 ἔξεστι
1209 691 1561 750 τᾶληθὲςεῦρεῖν.
1603 689 1677 733 καί

229 759 295 805 ὅτε
323 761 400 819 γὰρ
428 759 480 804 τά
501 758 615 803 κοινά
641 760 834 809 διετέλεις
865 759 1080 815 πράττων,
1120 757 1304 814 σωτηρία
1330 762 1416 808 τοῖς
1438 757 1727 814 πράγμασινιο

233 822 364 882 ἦσθα’
391 824 464 868 καὶ
479 826 554 867 νῦν
574 826 732 867 σαυτοῦ
746 822 930 879 γεγονώς,
959 823 1158 880 ἀληθείας
1173 822 1244 865 καί
1259 822 1520 879 δικαιοσύνης
1538 819 1673 878 παρά-

191 899 218 932 13
237 891 386 945 δειγμα
417 887 488 932 τὸν
513 888 603 944 βίον
624 889 876 944 κατέστησας
899 886 970 930 τὸν
996 890 1167 932 σαυτοῦ.
1204 887 1261 938 ὥς
1285 889 1364 942 μὲν
1394 882 1468 930 οὖν
1493 886 1576 929 τῶν
1604 901 1672 941 γε-

229 953 405 1009 γονότων
423 953 496 997 καί
514 952 772 1007 νομιζόμενος
798 952 870 996 καί
890 949 949 996 α’)’ν
968 951 1218 1010 αὐτουργὸς,
1246 953 1324 995 οὐκ
1355 949 1566 1008 ἀγνοήσεις
1597 949 1672 1006 δὴ-

231 1037 311 1063 που
336 1018 390 1062 τὰ
417 1018 482 1063 σά·
521 1018 579 1068 ὥς
607 1020 653 1061 δὲ
672 1020 804 1074 μηδὲν
827 1021 900 1075 τῆς
923 1018 1120 1074 ἀληθείας
1147 1017 1216 1062 διὰ
1235 1017 1329 1073 βίου
1354 1014 1552 1074 πρότερον
1570 1014 1672 1071 ἧγη..

231 1085 426 1139 σάμενος,
462 1083 640 1140 τάληθὲς
668 1086 789 1140 ἐρεῖς·
825 1084 882 1134 ὥς
906 1086 953 1127 δὲ
979 1083 1191 1143 ῥᾳθυμίαν
1214 1082 1401 1139 ἐξορίσας
1431 1078 1722 1125 παντάπασι15

233 1151 308 1206 τῆς
323 1151 466 1205 ψυχῆς
479 1183 492 1203 ,
527 1149 575 1191 οὔ
600 1150 712 1206 λογιῇ
738 1146 808 1191 τὸν
837 1148 909 1192 ἐπὶ
927 1151 986 1207 τῷ
1008 1148 1219 1206 πράγματι
1239 1146 1370 1190 πόνον.
1409 1145 1499 1190 ἔστι
1525 1146 1572 1188 δὲ
1602 1144 1676 1187 καὶ

190 1222 218 1257 C
234 1215 293 1265 εἷς
317 1213 578 1272 παράδειγμα
611 1212 686 1270 τὴν
717 1214 923 1272 ἡμετέραν
953 1213 1129 1257 ἱκετείαν
1162 1215 1400 1268 ἀνενεγκεῖν.
1444 1206 1496 1255 ἄν
1519 1227 1564 1255 τε
1589 1209 1669 1267 γὰρ

233 1279 330 1330 τοὺς
344 1279 512 1333 ἔξωθεν,
541 1275 592 1321 ἄν
610 1295 656 1321 τε
672 1278 770 1329 τοὺς
791 1279 1017 1337 ἡμετέρους
1037 1279 1238 1335 ἡγεμόνας
1259 1279 1516 1335 ἐνθυμηθῇς,
1544 1277 1672 1318 οὖδα-

231 1346 322 1399 μῶς
354 1343 570 1397 ἀτιμάσεις
607 1342 681 1399 τὴν
712 1342 910 1401 ἱστορίαν.
964 1344 1036 1386 καί
1063 1340 1179 1386 οὗτοι
1207 1342 1284 1400 γάρ
1316 1343 1497 1385 κάκεῖνοι
1526 1339 1599 1384 ἐπὶ
1623 1337 1671 1382 τὸ
1725 1342 1728 1350 '

233 1411 485 1467 συγγράφειν
508 1411 695 1464 καθῆκαν
713 1407 901 1463 ἑαυτοὺς,
929 1410 980 1452 οὔ
996 1409 1125 1467 μικροὶ
1145 1407 1214 1451 τὸν
1233 1409 1492 1465 ἀνθρώπινον
1506 1406 1596 1462 βίον
1621 1407 1723 1450 ἐκαο

233 1475 429 1517 τοιούτων
450 1471 606 1530 ὀνήσειν
634 1473 818 1527 οἰόμενοι.
853 1474 926 1517 καί
947 1475 1088 1525 ἅπλῶς
1123 1477 1170 1518 δὲ
1195 1476 1347 1527 εἰπεῖν,
1377 1471 1416 1516 οἱ
1433 1474 1512 1527 μὲν
1534 1472 1678 1528 ἠθικοὶ

233 1541 317 1581 τῶν
340 1538 469 1593 λόγων
476 1573 489 1594 ,
526 1535 614 1581 ὅσοι
643 1536 670 1597 ἢ
698 1538 848 1596 ἀρετὴν
871 1536 1119 1597 ἑπῄνεσανῆ
1146 1538 1293 1590 κακίαν
1315 1539 1530 1592 διέβαλον,
1557 1536 1682 1579 καλοί

327 1618 360 1651 6.
385 1618 564 1662 Interpres
585 1618 731 1662 corrigit
744 1615 1003 1658 ἀπαλλάττειν,
1028 1617 1089 1651 sed
1102 1617 1156 1651 nil
1171 1615 1390 1651 mutandum.
1403 1617 1485 1654 ΕΒ.
1497 1615 1536 1650 Ρ.
1563 1615 1675 1651 Immo

325 1664 534 1697 mutandum
555 1669 647 1705 erat,
678 1663 776 1709 quod
796 1669 900 1698 antea
919 1664 1123 1710 legebatur,
1149 1662 1410 1698 ἀπαλλάττων.

234 1722 638 1761 ,οάτεοοιιοίϋαῐίοῃεω
667 1723 878 1758 concordiae
902 1725 1115 1769 propensior
1142 1724 1294 1764 fuisset,
1338 1734 1442 1762 avum
1459 1722 1521 1764 hi,
1559 1733 1677 1768 nepo-

240 1774 314 1803 tem
339 1770 395 1802 illi
421 1770 459 1806 in
483 1770 799 1814 reprehensionem
827 1775 1009 1803 vocarunt.
1064 1769 1146 1815 Qua
1170 1780 1235 1815 ego
1259 1768 1503 1816 disputatione
1520 1780 1676 1803 commo-

237 1820 317 1856 tus,
342 1827 402 1848 eos
424 1815 584 1850 desidiae
610 1815 864 1857 condemnavi,
890 1816 953 1862 qui
972 1814 1055 1848 inde
1079 1826 1100 1848 a
1125 1814 1323 1860 primordio
1343 1815 1483 1860 singula
1507 1825 1612 1860 perce
1639 1820 1677 1849 ta

238 1872 319 1896 cum
343 1861 542 1904 haberent,
573 1863 711 1896 nullam
735 1873 859 1895 eorum
885 1862 1094 1895 memoriam
1109 1861 1314 1907 posteritati
1338 1861 1404 1895 reli
1432 1861 1580 1897 uissent.
1604 1826 1676 1895 ξεά

237 1913 390 1953 possunt
414 1908 522 1943 etiam
545 1920 586 1941 ea
610 1909 648 1941 in
675 1914 864 1954 utramque
890 1913 1029 1952 partem
1052 1907 1250 1952 disputari,
1276 1906 1374 1956 quod
1401 1907 1413 1939 i
1441 1917 1498 1940 em
1526 1906 1572 1940 de
1595 1908 1676 1952 pla-

239 1954 320 1987 citis
345 1953 502 1987 Euclidis
529 1955 641 1987 aiunt.
703 1955 759 1987 Tu
784 1965 868 1987 vero
893 1953 1045 1987 idoneus
1070 1964 1155 1986 sane
1184 1964 1245 1994 es,
1280 1953 1342 1998 qui
1374 1963 1440 1985 nos
1464 1951 1532 1986 hac
1558 1953 1674 1987 mole-

238 2000 308 2032 stia
328 1999 496 2043 expedias
510 2025 519 2040 ‚
551 2011 715 2046 quaeque
740 1999 807 2032 sub
828 1999 1105 2043 imperatoribus
1125 1998 1220 2040 illis,
1279 2009 1420 2044 uaeque
1442 2003 1564 2032 nostro
1587 2010 1675 2033 aevo

239 2046 487 2089 contigerunt,
522 2056 729 2090 exponens,
765 2051 801 2078 et
827 2044 974 2091 quidem
1000 2056 1136 2079 summa
1159 2055 1243 2079 usus
1295 2045 1444 2078 revitate
1480 2045 1675 2087 scribendi,

265 2102 312 2123 ua
340 2091 415 2124 sola
448 2102 571 2124 verum
605 2091 811 2135 investigari
846 2095 975 2135 potest.
1035 2092 1091 2124 Tu
1118 2091 1214 2124 enim
1248 2095 1285 2124 et
1319 2089 1491 2135 quamdiu
1527 2091 1676 2136 publico

259 2141 383 2170 unctus
409 2147 445 2169 es
469 2148 616 2170 munere
630 2162 639 2178 ‚
663 2137 758 2171 salus
781 2136 924 2180 imperii
945 2137 1066 2170 fuisti:
1096 2142 1132 2170 et
1155 2135 1266 2170 hodie
1285 2141 1521 2182 posteaquam
1547 2136 1678 2170 decur-

242 2183 288 2215 sis
313 2181 510 2216 honoribus
535 2184 589 2216 tui
614 2184 726 2227 ipsius
751 2193 827 2215 esse
852 2184 1023 2227 coepisti,
1060 2183 1169 2216 vitam
1197 2188 1234 2215 et
1257 2193 1373 2215 mores
1407 2187 1489 2215 tuos
1513 2183 1675 2216 veritatis

241 2240 283 2261 ac
307 2228 466 2261 iustitiae
492 2229 671 2273 exemplar
696 2228 859 2263 effecisti.
920 2228 1075 2273 Quando
1102 2230 1210 2273 igitur
1234 2239 1351 2262 rerum
1377 2233 1552 2272 gestarum
1577 2235 1676 2263 actor

242 2279 280 2307 et
303 2274 472 2307 iudicaris
497 2275 607 2308 fuisse
639 2281 675 2308 et
697 2286 780 2308 vero
804 2274 930 2315 fuisti,
963 2286 1055 2320 quae
1084 2275 1154 2308 tibi
1182 2273 1410 2314 acciderunt,
1447 2285 1488 2307 ea
1512 2275 1674 2319 profecto

244 2321 382 2354 nescire
406 2331 479 2354 nou
505 2326 617 2364 potes.
673 2321 787 2360 Dein,
826 2320 912 2365 quia
942 2321 981 2353 in
1015 2322 1113 2356 omni
1145 2321 1219 2355 vita
1244 2318 1339 2354 nihil
1363 2318 1498 2355 duxisti
1521 2322 1674 2355 veritate

242 2366 446 2411 antiquius,
473 2366 566 2400 nihil
588 2366 632 2399 ab
654 2377 695 2399 ea
719 2366 877 2399 alienum
899 2367 1128 2403 memorabis.
1175 2365 1230 2400 Ad
1249 2371 1463 2406 extremum,
1489 2366 1576 2412 quia
1599 2379 1676 2401 om..

241 2422 325 2445 nem
351 2411 396 2444 de
420 2418 540 2446 mente
567 2412 763 2446 socordiam
793 2412 943 2456 fugasti,
993 2412 1081 2459 quid
1106 2412 1240 2447 laboris
1267 2412 1315 2444 sit
1337 2412 1406 2444 ista
1443 2412 1573 2450 litteris
1598 2425 1675 2446 am·-

239 2458 373 2503 plecti‚
398 2469 471 2490 non
498 2459 690 2503 reputabis.
740 2458 814 2491 Nec
837 2469 920 2492 vero
949 2460 1103 2503 primus,
1128 2458 1303 2503 nulloque
1328 2458 1490 2502 exemplo
1514 2459 1673 2494 facturus

243 2515 299 2544 es,
335 2502 432 2548 quod
461 2503 523 2537 abs
548 2511 583 2538 te
616 2504 876 2540 contendimus.
943 2505 1085 2538 Etenim
1115 2505 1187 2538 sive
1213 2509 1399 2539 extraneos
1434 2504 1508 2537 sive
1533 2511 1675 2542 nostra-

241 2554 296 2583 tes
329 2548 420 2585 belli
455 2549 561 2584 duces
595 2551 759 2595 respicis,
802 2561 911 2595 genus
945 2549 1014 2584 hoc
1046 2550 1250 2595 scriptionis
1283 2549 1430 2582 minime
1455 2555 1675 2586 contemnes.

243 2595 334 2629 Nam
358 2600 395 2628 et
416 2595 474 2636 hi,
510 2601 546 2630 et
570 2597 623 2630 illi
649 2607 722 2629 non
745 2607 870 2640 parum
897 2596 982 2629 inde
1009 2596 1187 2631 humanae
1212 2595 1378 2628 societati
1401 2597 1604 2630 consultum
1628 2597 1676 2631 iri

243 2640 480 2684 arbitrantes,
506 2640 577 2678 huc
603 2643 739 2691 pariter
763 2640 800 2679 s'e
826 2641 1055 2680 demiserunt.
1113 2642 1231 2691 Atque
1256 2645 1298 2678 ut
1320 2641 1531 2689 simpliciter
1557 2642 1675 2682 (licam
