1832 3132
330 81 435 135 302
854 91 1220 134 CANTACUZENI
1823 56 1832 139 ἒ

1601 175 1603 177 ,
1657 166 1659 168 -
1823 152 1832 176 ι

140 190 603 249 Α.0.ι328’.Αμβλυα5που
636 190 657 234 ὅ
707 190 1034 248 πρωτοστράτωρ
1076 187 1141 247 ἦν,
1177 191 1248 248 τὴν
1273 185 1401 246 ἄλλην
1442 187 1606 233 ἅπασαν
1622 185 1765 246 ἔχων
1826 239 1832 251 2

328 257 523 315 στρατιὰν
546 259 589 299 ἐν
611 252 750 305 ὅπλοις
788 258 1166 312 παρατεταγμένην.
1193 252 1303 298 οὕτω
1331 256 1381 311 δὴ
1407 255 1751 311 διακοσμήσαντες
1791 278 1793 281 ⁴
1826 254 1832 301 ,ἶ

301 323 404 378 Βτὴν
431 320 652 379 στρατιὰν,
679 315 804 378 ᾔεσαν
832 320 993 376 ἡσυχῇ,
1022 317 1133 370 ὅπως
1160 319 1218 377 μὴ
1244 327 1330 372 τοῖς
1374 322 1656 378 φυλάττουσιν
1678 318 1753 364 ἀἴ-ἓ

329 391 479 443 σθησιν
506 385 760 442 παράσχοιεν
785 382 864 427 άπὸ
886 387 968 426 τῶν
984 386 1142 439 τειχῶν.
1718 422 1720 425 ,

432 452 508 494 νθ’.
565 449 617 493 Οἱ
636 451 713 503 μὲν
733 465 806 491 ουν
824 448 896 499 τὰς
916 448 1150 503 κλίμακας’
1132 449 1292 504 ἔχοντες
1312 451 1501 506 τέτταρες
1526 466 1596 492 και
1622 446 1779 501 εἶ’κοσι5

325 514 523 565 λαθόντες
543 531 641 564 τους
667 515 882 570 φύλακας,
925 514 1080 572 ραδίως
1107 521 1192 564 τοῖς
1220 515 1373 568 τείχεσι
1393 515 1644 593 προσέμιξαν
1673 514 1751 556 τοῦ

327 581 576 637 Καμάριδος
596 579 828 635 ἡγουμένου
858 595 962 621 κατα
984 578 1084 629 τούς
1113 579 1373 635 πράσσοντας
1388 577 1463 634 τὴν
1487 576 1656 623 άλωσιν.
1682 594 1753 621 και

290 647 419 690 Οὲπει
447 643 594 693 αὐτους
615 645 926 700 προσδοκῶντας
946 659 1020 685 ουκ
1043 638 1096 699 ἦν
1122 647 1282 697 λαθεῖν,
1299 642 1379 693 τὰς
1396 645 1601 697 κλιζαακας
1615 642 1753 687 ἀνείλ-

324 727 455 753 κυσαν
498 708 681 750 καλώδια
717 704 947 761 καθιέντες,
983 725 1052 750 και
1088 707 1170 755 ἀπὸ
1209 710 1296 750 τῶν
1333 709 1556 759 ἐπάλξεων
1579 708 1751 763 ἐξῆψαν.

326 791 395 816 και
416 772 454 815 οἱ
479 772 723 815 δυοκαίδεκα
747 775 908 829 πρῶτον
931 775 1000 828 ἐφ’
1020 770 1218 850 ἑκατέρας
1240 772 1437 854 κλιμακος
1462 772 1804 827 οἷνῆλθον.βα-ιο
1830 770 1832 773 ⁴

326 837 466 888 σιλευς
490 840 535 881 δὲ
558 836 672 879 nal-o
694 837 824 892 μέγας
861 839 1097 891 δομέστικος
1123 834 1212 890 α’μα
1239 831 1300 886 οἷς
1324 832 1447 893 ἦγον,
1475 835 1569 879 ἕπει
1598 835 1752 881 πανσέ-

326 908 446 959 ληνος
472 899 525 958 ἦν
550 920 617 947 και
649 903 675 958 ἦ
697 902 842 957 σελήνη
864 904 1052 958 διέφαινε
1079 904 1298 957 λαμπρῶς,
1328 900 1440 956 ὅμως
1456 900 1543 945 διὰ
1565 899 1640 956 τὴν
1666 900 1748 943 ἀπὸ

323 970 398 1023 τῆς
425 966 674 1024 πληρώσεως
698 968 929 1023 μεταβολὴν
949 969 1130 1024 νεφελῶν
1162 968 1209 1009 οὗ
1236 966 1341 1010 κατὰ
1365 965 1410 1010 τὸ
1435 967 1627 1021 συνεχὲς,1
1644 963 1751 1009 οἷλλοὶ

323 1034 634 1085 διεσπασμένως
665 1030 738 1073 τὸν
765 1028 868 1087 ἀέρα
900 1029 1218 1088 ὖποτρεχουσῶν
1233 1066 1247 1087 ,
1275 1028 1344 1074 ὅτε
1366 1033 1444 1086 μὲν
1470 1024 1567 1087 ἦνῆ
1598 1030 1749 1089 νεφέλη

323 1101 413 1138 κατ’
432 1093 608 1149 αὐτοὺς,
636 1095 827 1151 ἐβάδιζον
848 1094 930 1138 ὑπὸ
961 1099 1014 1153 τῇ
1039 1099 1145 1154 σκιᾷ·
1171 1094 1338 1139 ἐπειδὰν
1359 1098 1407 1139 δὲ
1433 1095 1655 1152 παρέλθοι,
1673 1101 1803 1153 oca—15

322 1160 604 1215 τακλινόμενοι
635 1162 694 1210 εἷς
727 1163 825 1216 γῆν,
869 1159 1014 1217 ἑτέραν
1042 1165 1279 1218 περιέμενον
1313 1163 1502 1218 νεφέλην.
1529 1162 1602 1201 καί
1635 1156 1744 1202 οὕτω

323 1225 558 1280 βαδίζοντες
581 1224 683 1268 κατὰ
697 1226 857 1282 μικρὸν,
881 1221 1012 1281 ἦλθον
1030 1225 1148 1281 ε’γγύς
1164 1229 1324 1280 τειχῶν.
1345 1228 1438 1269 ἐπεὶ
1456 1227 1503 1268 δὲ
1530 1221 1628 1268 ὅσον
1652 1226 1749 1281 ἐφι-

280 1294 472 1333 Βκέσθαι
499 1290 602 1349 τόξῳ
632 1292 824 1345 ἀπεῖχον,
855 1291 893 1333 οἱ
914 1293 992 1345 μὲν
1014 1289 1096 1333 ἀπὸ
1122 1293 1205 1333 τῶν
1231 1293 1381 1345 τειχῶν
1403 1290 1647 1344 αἰσθόμενοι
1667 1290 1751 1345 βοῇ

321 1373 366 1398 τε
389 1358 571 1412 ἐχρῶντο
605 1358 679 1399 καί
710 1357 962 1410 ἀλαλαγμοῖς
992 1359 1064 1398 καί
1087 1356 1347 1408 Βυζαντίους
1381 1354 1554 1400 ἐκάλουν
1590 1353 1662 1414 ἐπὶ
1691 1355 1745 1398 τοὶ

320 1420 456 1476 τείχη,
496 1421 554 1471 αἳς
584 1421 800 1477 παρόντων
833 1423 1053 1475 πολεμίων·
1076 1421 1114 1464 οἱ
1138 1423 1184 1463 δὲ
1220 1419 1376 1471 ἔξωθεν
1413 1421 1648 1477 ἐπέδραμον
1680 1419 1803 1465 §nizo

321 1485 397 1534 τὰς
439 1489 638 1538 nmquam,-
676 1486 945 1542 α’φειδοῦντες
979 1481 1060 1542 ἤδη
1092 1489 1174 1528 τῶν
1206 1485 1383 1543 ψόφων,
1419 1485 1478 1535 ῶς
1513 1487 1596 1530 τῶν
1625 1485 1748 1528 ἔνδον

320 1551 568 1607 ᾐσθημένων
575 1585 588 1604 ,
615 1550 687 1592 καί
703 1553 794 1592 ἐπεὶ
821 1551 1006 1605 ἐγένοντο
1030 1553 1076 1594 ἐν
1096 1552 1256 1606 αὐταῖς,
1285 1547 1410 1600 αὖτός
1433 1567 1480 1593 τε
1503 1548 1526 1592 ὅ
1552 1548 1750 1604 βασιλευς

323 1615 607 1670 προῦθυμεῖτο
647 1617 807 1672 πρῶτος
843 1613 1082 1669 ἀναβαίνειν
1124 1615 1196 1658 καί
1228 1613 1302 1658 τὸν
1339 1616 1471 1670 μέγαν
1511 1616 1749 1668 δομέστικον

1827 388 1832 407 Δ

323 1735 544 1769 continebat.
607 1735 667 1768 Sic
700 1735 822 1780 itaque
859 1734 1042 1779 dispositis
1075 1729 1211 1779 copiis,
1246 1734 1395 1768 silentio
1413 1732 1754 1780 progrediebantur,

323 1793 370 1815 ne
390 1793 410 1814 a
431 1781 611 1814 moenium
637 1781 844 1814 custodibus
873 1781 1096 1816 audirentur.

416 1829 469 1872 59.
518 1826 592 1869 Qui
616 1827 724 1871 igitur
758 1827 864 1859 scalas
899 1826 1106 1867 habebant,
1141 1830 1294 1872 quatuor
1329 1829 1367 1859 et
1394 1826 1546 1871 viginti,
1581 1826 1750 1861 fallentes

325 1873 507 1912 custodes,
540 1873 648 1905 facile
672 1872 718 1905 ad
750 1882 891 1905 murum
921 1872 1075 1905 Camaris
1100 1872 1208 1906 ductu
1245 1872 1406 1916 proxime
1435 1877 1661 1906 accesserunt
1692 1883 1749 1914 eo,

324 1919 388 1951 ubi
414 1920 571 1963 ipsorum
594 1917 745 1951 studiosi
770 1917 1016 1958 excubabant,
1050 1930 1069 1951 a
1095 1917 1227 1963 quibus
1260 1918 1443 1963 agebatur,
1467 1923 1508 1952 ut
1532 1917 1617 1951 urbs
1641 1929 1750 1963 eape-

323 1970 432 1998 retur.
458 1965 504 1997 Et
529 1965 614 2008 quia
635 1963 753 2009 ipsos,
777 1968 902 2016 utpote
928 1969 1195 2009 exspectantes,
1220 1964 1333 1997 latere
1356 1975 1430 1999 non
1451 1967 1631 2009 poterant,
1650 1975 1749 1998 sum-

323 2011 442 2044 missis
471 2010 639 2049 funibus,
674 2020 763 2054 quos
789 2020 832 2042 ex
856 2010 977 2053 pinnis
1009 2021 1192 2043 murorum
1214 2014 1442 2054 aptaverant,
1477 2009 1586 2045 scalas
1610 2021 1749 2044 sursum

324 2055 572 2088 attrahebant:
605 2056 656 2087 ita
683 2055 874 2088 duodecim
908 2056 963 2087 illi
987 2057 1169 2101 utrimque
1204 2056 1312 2100 primi
1337 2055 1582 2089 ascenderunt·
1630 2057 1750 2102 Impe-

326 2107 423 2135 rator
457 2107 576 2134 autem
600 2106 638 2134 et
653 2112 799 2145 magnus
824 2100 1037 2135 domesticus
1063 2113 1142 2134 cum
1169 2102 1242 2136 suis
1268 2102 1451 2142 centuriis,
1474 2102 1639 2157 quamvis
1661 2103 1749 2136 luna

323 2148 433 2193 pleno
459 2147 593 2179 lumine
616 2152 691 2179 tum
715 2147 873 2188 luceret,
904 2152 1024 2180 tamen
1049 2153 1195 2192 propter
1221 2146 1411 2180 densarum
1435 2147 1748 2192 interpositionem

323 2192 477 2228 nubium
503 2204 576 2225 non
613 2192 857 2233 continenter,
889 2193 951 2226 sed
978 2194 1124 2237 sparsim
1159 2204 1200 2226 ac
1235 2192 1402 2226 divulsim
1439 2193 1578 2226 coelum
1606 2205 1749 2238 perme-

324 2239 488 2279 antium,
513 2237 653 2282 quando
678 2239 740 2270 lux
764 2239 1029 2279 occultabatur,
1054 2239 1120 2271 sub
1146 2238 1306 2272 tenebris
1333 2237 1570 2273 incedebant:
1602 2239 1749 2288 quando

325 2286 405 2318 eius
428 2290 588 2327 aspectus
612 2283 848 2325 reddebatur,
872 2284 1084 2318 recubantes
1108 2284 1229 2325 humi,
1256 2284 1362 2317 aliam
1388 2284 1548 2326 nubem,
1572 2295 1662 2330 quae
1686 2286 1746 2318 lu-

323 2341 408 2365 nam
430 2335 591 2374 tegeret,
628 2330 896 2374 exspectabant
944 2329 1003 2363 Sic
1037 2331 1167 2363 sensim
1190 2329 1413 2374 gradientes,
1445 2330 1635 2364 moenibus
1662 2342 1744 2364 suc-

324 2381 526 2410 cesserunt:
554 2387 574 2407 a
601 2376 731 2420 quibus
756 2375 872 2409 adhuc
896 2377 1033 2421 spatio,
1084 2388 1130 2409 uo
1154 2376 1267 2409 telum
1297 2375 1394 2420 adigi
1419 2380 1558 2420 potest,
1589 2382 1743 2410 remotos

324 2422 522 2456 sentientes
547 2422 609 2466 qui
626 2422 664 2454 in
689 2433 789 2454 muro
815 2428 928 2463 erant,
950 2388 1153 2455 inconditos
1179 2421 1347 2455 clamores
1376 2421 1610 2462 sustulerunt,
1634 2422 1747 2456 cives-

325 2479 397 2513 que
422 2467 467 2500 ad
489 2468 644 2506 moenia,
660 2472 700 2500 ut
715 2466 877 2500 hostibus
901 2467 1160 2512 praesentibus,
1186 2466 1413 2502 advocarunt.
1434 2466 1509 2512 Qui
1523 2467 1608 2501 soris
1633 2473 1746 2509 erant,

330 2513 377 2546 ad
399 2514 532 2553 scalas,
565 2524 639 2546 non
662 2514 733 2545 iam
756 2518 918 2547 caventes
942 2514 1150 2553 tumultum,
1172 2518 1298 2557 utpote
1329 2513 1375 2545 ab
1399 2513 1586 2557 oppidanis
1616 2514 1746 2554 auditi,

323 2559 566 2592 accurrebant.
599 2559 738 2591 Interea
763 2559 955 2603 imperator
977 2561 1054 2604 ipse
1079 2560 1242 2592 alacriter
1264 2559 1398 2603 primus
1422 2559 1649 2600 ascendebat,
1669 2570 1746 2592 ma-

274 2602 277 2604 ’
324 2615 502 2650 gnumque
528 2604 761 2638 domesticum
798 2604 843 2637 ad
878 2605 1100 2650 sequendum
1133 2603 1364 2638 hortabatur:
1402 2610 1520 2645 ratus,
1555 2606 1586 2638 si
1614 2605 1746 2650 ipsi'in

323 2662 442 2685 :mulos
480 2651 689 2693 evasissent,
726 2650 864 2685 etiamsi
897 2651 975 2697 quis
1012 2650 1170 2685 hostium
1207 2655 1327 2684 contra
1359 2651 1451 2692 iret,
1486 2662 1562 2685 non
1598 2661 1748 2686 ausuros
