1832 3132
295 84 404 150 284
827 98 1192 144 CANTACUZENI

102 203 284 240 A.C.1328
294 203 472 243 στασθαι
500 198 694 256 κινδύνῳ,
722 193 856 249 ἄλλως
878 215 920 242 τε
948 202 1048 244 οῦδὲ
1072 203 1150 244 τοῦ
1174 205 1471 259 στρατεύματος
1493 205 1588 260 ἐμοὶ
1608 219 1712 253 παν·-

291 263 362 313 τὸς
398 263 766 319 συνηθροισμένον.
812 265 914 318 ύμῖν
953 268 999 308 δὲ
1032 266 1137 323 πρὸς
1177 265 1252 322 τὴν
1278 268 1482 326 σωτηρίαν
1512 269 1713 326 βοήθειαν

291 323 556 383 εἰσενέγκοιμι
582 323 634 370 ἂν
667 324 754 383 ὅση,
776 328 953 385 δυνατή,
976 332 1068 384 καί,
1095 329 1177 385 εἴγε
1199 331 1420 387 βούλεσθε,
1455 332 1558 391 πρὸς
1584 339 1707 389 βασι-

291 393 365 434 λέα
394 391 616 446 πρεσβείαν
645 393 826 447 πέμψας,
861 392 1174 451 παραιτήσομαι
1202 394 1306 453 ὑπὲρ
1330 398 1450 452 ύμῶν
1471 399 1607 442 adro&
1635 397 1710 454 τὴν

291 453 416 511 ὀργὴν
446 457 541 510 ἐγώ.
577 459 705 514 πρᾷος
736 460 782 501 δὲ
803 454 888 513 ὢν,
924 458 981 510 ὥς
998 460 1134 502 ἀκούω
1144 493 1158 514 ,
1186 463 1363 512 καὶτοῖς
1383 459 1753 520 προσκεκρουκόψό

288 536 355 562 σιν
380 522 537 574 ἕτοιμος
560 521 665 578 πρὸς
689 523 937 578 διαλλαγὰς,
971 526 1214 580 συγγνώμην
1246 542 1289 568 τε
1316 521 1369 569 ἂν
1402 528 1611 585 παράσχοι
1637 529 1711 570 καί

288 582 364 635 τοὶς
392 585 610 642 συμφοράς
631 586 681 629 οὗ
701 589 877 644 μετρίως
894 595 1072 645 κουφιεΐ.
1110 590 1152 632 εἰ
1171 591 1217 631 δὲ
1241 592 1360 633 τοῦτο
1386 589 1487 645 ύμῖν
1509 592 1588 636 min
1614 592 1708 636 ἅνε-

287 647 401 703 κτὸν,
441 650 532 692 ἀλλ’
560 649 638 705 ἐγώ
667 650 767 708 πρὸς
795 652 974 709 Μιχαὴλ
1012 654 1086 697 τὸν
1110 657 1285 708 βασιλέα
1311 657 1480 701 Μυσῶν
1511 656 1709 712 κηδεστὴν

162 708 389 760 V-1401’2‘vw
422 713 524 767 ἐμὸν
556 715 666 769 ύμᾶς
699 718 875 771 πέμψω,
923 717 982 767 ὥς
1018 714 1071 761 ἂν
1107 720 1161 760 δι’
1184 715 1318 762 αύτοῦ
1345 718 1446 777 πρὸς
1475 720 1707 773 Βυζάντιον

286 781 531 835 διασωθῆτε.
571 783 643 823 καί
669 782 820 825 τούτου
853 784 899 825 δὲ
935 782 1034 836 ὑμῖν
1064 780 1113 825 ού
1135 782 1240 826 κατὰ
1272 785 1436 842 γνώμην
1459 779 1600 841 ὄντος,
1636 784 1759 830 καὶιο

160 852 196 891 P.
214 841 436 900 175ἑτέραν
459 842 589 896 ἔξεστι
617 847 866 902 τραπέσθαι.
907 850 967 898 εἰς
1000 848 1198 892 Βενετίαν
1221 847 1298 904 γάρ
1324 849 1592 906 ἀφιγμένοις,
1632 848 1705 909 ρᾳ-

287 910 384 959 δίως
411 911 572 961 ἐξέσται
595 911 805 967 τριήρεσιν
837 907 867 967 ἢ
900 911 1069 955 ὄλκάσιν
1101 914 1304 956 ἐπανόδου
1336 914 1442 970 πρὸς
1470 914 1706 967 Βυζάντιον

284 979 439 1027 τυχεῖν.
485 977 558 1016 καί
583 971 729 1031 ἑτέραν
764 977 810 1018 δὲ
840 976 912 1019 ἐπὶ
937 977 1094 1028 τούτοις
1126 977 1396 1034 ὑποθήσομαι
1427 976 1527 1033 ύμῖν
1554 978 1705 1021 ἐλπίδα

258 1061 260 1063 -
283 1038 502 1094 σωτηρίας.
534 1039 626 1081 ἐπεὶ
651 1039 731 1096 γάρ
766 1041 987 1097 Πρόσεκόν
1019 1058 1061 1084 τε
1085 1044 1159 1085 καί
1188 1042 1436 1099 Πρίλλαπον
1455 1041 1529 1087 καὶ
1547 1044 1705 1099 Στρίμ-

282 1106 428 1155 βιτζαν
451 1105 640 1157 κατέχετε
671 1111 897 1161 φρουραῖς,
926 1106 1237 1161 διανειμάμενοι
1265 1107 1340 1158 τάς
1370 1106 1510 1157 πόλεις
1537 1107 1755 1161 ταύτας,15

283 1165 547 1217 δυσαλώτους
582 1162 710 1218 οὔσας
746 1169 818 1211 διά
854 1170 1129 1227 καρτερότητα
1163 1174 1335 1226 τειχῶν,
1383 1177 1618 1229 καρτερεῖτε
1655 1173 1701 1215 ἐν

281 1227 443 1285 αύταῖς,
471 1227 594 1288 ἄχρις
620 1228 673 1276 ἂν
690 1233 715 1275 ὅ
737 1233 842 1290 πρὸς
862 1231 1066 1291 άλλήλους
1097 1238 1180 1279 τῶν
1195 1239 1400 1290 βασιλέων
1423 1236 1483 1288 εἴς
1503 1253 1545 1279 τι
1571 1238 1702 1293 πέρας

276 1295 453 1350 πόλεμος
487 1297 725 1353 α’φίκηται.”
766 1299 836 1341 ἐπὶ
855 1299 1017 1350 τούτοις
1039 1302 1249 1357 ἀμηχανία
1272 1317 1317 1345 τε
1339 1299 1428 1356 εἶχε
1453 1300 1550 1352 τούς
1566 1302 1702 1358 φυγά-

278 1363 378 1413 δας,
411 1362 482 1403 καί
509 1358 720 1417 ἀπαλλαγή
749 1366 884 1407 κακῶν
906 1367 1103 1421 ἐφαίνετο
1124 1367 1170 1408 ἐκ
1191 1368 1275 1409 τῶν
1296 1365 1548 1422 πραγμάτων
1581 1365 1702 1407 οὔδε-

276 1427 369 1476 μία.
407 1421 517 1478 ὅμως
543 1428 590 1467 δὲ
627 1426 875 1481 σκεψάμενοι
911 1430 957 1470 ἐκ
994 1432 1076 1472 τῶν
1108 1431 1324 1487 παρόντων
1351 1433 1503 1474 εἴλοντο
1540 1431 1754 1484 μᾶλλοναο

239 1494 362 1539 Βταῖς
385 1491 700 1546 προειρημέναις
724 1494 1116 1549 ἐγκατακλεισθῆναι
1144 1494 1289 1538 πόλεσι
1320 1494 1393 1538 καὶ
1421 1494 1500 1551 τὴν
1527 1492 1695 1551 πολιορ-

371 1599 422 1643 ι4.
443 1599 545 1645 Apud
570 1602 761 1649 Gregoram
780 1603 911 1649 legitur
935 1605 1159 1647 Producam,
1185 1605 1329 1641 Nicetas
1352 1604 1463 1640 habet
1482 1605 1697 1650 Prosacum3

362 1647 452 1679 mire
475 1648 515 1680 in
542 1647 598 1681 his
628 1650 787 1683 locorum
821 1651 1122 1694 appellationibus
1159 1653 1298 1686 variant
1333 1651 1524 1685 inferiores
1555 1651 1698 1698 Graeci.

363 1692 445 1726 ΕΒ.
461 1693 500 1729 Ρ.
618 1695 897 1740 Στρούμβιτζαν
938 1696 1129 1741 legendum
1157 1704 1246 1738 aut,
1279 1703 1322 1731 ut
1346 1697 1459 1730 habet
1485 1697 1694 1737 cedrenus,

362 1738 742 1782 Στροιίμπιτζαν.ΕΒ
767 1742 806 1776 P.
833 1741 931 1774 Infra
949 1742 986 1774 L.
1001 1742 1058 1775 IV.
1073 1752 1107 1785 p.
1121 1753 1199 1786 79¹-
1224 1743 1262 1775 C.
1282 1743 1413 1787 legitur
1423 1740 1691 1788 Στρύμβιτζαν.

364 1781 446 1816 vid.
474 1785 629 1831 Ducang.
649 1786 694 1819 ad
715 1786 925 1820 Alexiadem
943 1789 1074 1833 p.382.

273 1881 397 1915 abesse
421 1893 441 1915 a
478 1883 638 1927 periculo
661 1884 951 1931 provinciamque
976 1895 1088 1919 meam
1111 1890 1190 1919 tuto
1215 1885 1398 1930 possidere
1421 1885 1548 1928 liceat,
1565 1886 1691 1920 *malim

274 1928 429 1960 iniustus
454 1928 567 1962 videri
602 1933 639 1962 et
670 1930 709 1962 in
741 1942 870 1974 anceps
903 1942 960 1964 me
985 1931 1176 1965 discrimen
1200 1935 1350 1974 offerre,
1385 1943 1464 1966 cum
1483 1933 1692 1977 praesertim

275 1975 395 2017 copias
425 1985 520 2007 meas
555 1975 762 2009 coniunctas
798 1988 871 2009 non
898 1976 1061 2010 habeam.
1115 1979 1255 2011 Interea
1286 1978 1331 2011 ad
1363 1979 1513 2011 salutem
1540 1983 1692 2012 vestram

272 2019 462 2060 tuendam,
490 2026 663 2065 quantum
693 2022 731 2053 in
754 2032 812 2054 me
836 2027 910 2063 est,
946 2023 1119 2056 auxilium
1145 2023 1247 2057 vohis
1281 2035 1355 2057 non
1375 2024 1540 2069 negabo:
1577 2029 1633 2064 et,
1660 2025 1691 2057 si

271 2065 410 2108 placet,
434 2066 539 2098 missa
562 2066 607 2099 ad
636 2067 888 2110 imperatorem
915 2069 1089 2102 iuniorem
1118 2070 1317 2114 legatione,
1350 2071 1428 2103 eius
1442 2071 1532 2103 iram
1550 2081 1570 2103 a
1588 2069 1691 2103 vobis

272 2110 511 2153 deprecabor3
539 2113 601 2157 qui
627 2123 707 2145 cum
729 2113 776 2145 sit
793 2114 873 2145 miti
890 2114 1127 2160 clementique
1151 2121 1278 2149 natura
1295 2115 1479 2160 praeditus
1508 2120 1545 2148 et
1564 2126 1691 2148 recon-

277 2156 401 2188 ciliatu
428 2156 564 2198 facilis,
595 2164 637 2191 ut
661 2157 877 2201 perhibent,
903 2161 1043 2193 veniam
1070 2161 1172 2194 dabit
1198 2166 1235 2194 et
1266 2172 1355 2194 onus
1377 2162 1599 2195 miseriarum
1625 2173 1689 2194 ve-

271 2206 420 2234 strarum
451 2213 611 2247 magnam
638 2209 775 2247 partem
807 2205 984 2242 allevabit.
1032 2207 1069 2240 Si
1092 2207 1162 2240 hoc
1188 2206 1374 2251 displicet,
1407 2206 1455 2239 ad
1476 2206 1688 2240 Michaelem

270 2247 471 2281 Moesorum
499 2260 616 2293 regem
650 2250 793 2283 affinem
824 2261 941 2284 meum
973 2262 1034 2284 vos
1059 2254 1218 2294 mittam,
1255 2253 1354 2285 cuius
1390 2263 1458 2296 ope
1482 2254 1688 2296 Byzantium

270 2293 466 2326 incolumes
491 2294 749 2338 perducamini.
797 2295 835 2328 Si
859 2308 925 2331 nec
948 2297 1042 2330 istuc
1065 2298 1221 2338 arridet,
1245 2298 1362 2331 adhuc
1387 2298 1459 2330 alia
1485 2298 1688 2343 gradiemur

268 2339 335 2371 via.
384 2338 473 2371 Nam
495 2340 664 2373 Venetias
687 2341 856 2385 profectis
871 2367 880 2383 ‚
914 2355 987 2376 non
1021 2343 1163 2377 difficile
1197 2345 1265 2377 erit
1286 2344 1491 2377 triremibus
1513 2349 1575 2376 aut
1597 2354 1686 2376 one-

269 2384 370 2417 rariis
409 2386 615 2428 Byzantium
652 2389 821 2420 revenire.
880 2389 979 2434 Quin
1012 2395 1049 2422 et
1071 2391 1175 2423 aliam
1201 2389 1302 2422 vobis
1331 2400 1429 2433 spem
1453 2390 1577 2422 salutis
1602 2400 1685 2433 sug-

269 2441 396 2474 geram.
446 2431 533 2464 Cum
557 2432 760 2475 Pmsacum,
798 2434 987 2479 Prillapum
1022 2440 1060 2468 et
1095 2435 1345 2469 Strumbitzam
1368 2435 1557 2479 praesidiis
1581 2440 1686 2467 tene—

269 2477 356 2517 atis,
397 2476 597 2510 distributis
630 2478 725 2511 inter
755 2489 816 2512 vos
847 2480 945 2514 hisce
977 2481 1118 2525 oppidis
1142 2486 1289 2525 propter
1312 2491 1494 2513 murorum
1519 2479 1683 2513 solidita-

267 2526 341 2554 tem
374 2523 433 2554 vix
457 2523 771 2567 expugnabilibus,
817 2526 855 2560 in
887 2527 1015 2559 iisdem
1051 2526 1262 2570 perdurate,
1304 2525 1422 2571 quoad
1450 2525 1547 2559 bello
1579 2526 1674 2558 inter

266 2568 498 2611 imperatores
517 2569 598 2602 finis
623 2570 752 2614 aliquis
780 2570 988 2615 imponatur.
1033 2573 1188 2616 Fugitivi
1221 2572 1308 2617 quid
1332 2582 1437 2616 super
1458 2571 1515 2604 his
1541 2571 1682 2604 consilii

268 2620 454 2657 caperent,
487 2615 524 2647 in
558 2615 693 2648 incerto
718 2615 921 2651 habebant:
958 2623 994 2651 et
1017 2618 1185 2650 malorum
1211 2629 1384 2663 nusquam
1411 2628 1448 2650 se
1471 2616 1683 2651 ostendebat

268 2659 395 2694 exitus.
443 2661 578 2695 Tamen
602 2661 863 2707 circumspectis
887 2662 992 2698 rebus
1022 2663 1281 2708 praesentibus,
1311 2662 1502 2708 praedictis
1535 2661 1681 2709 oppidis
