1820 3164
256 118 367 177 550
425 123 429 128 '
795 133 1166 178 CANTAcqum

59 243 99 279 A.
112 243 150 279 C.
166 237 446 298 ι34ιπρότερον
474 232 578 279 οὔθ’
591 232 768 291 ὕστερόν
786 250 883 279 ποτε
906 235 1165 292 ἀνασχοίμην
1193 230 1245 279 ἂν
1269 233 1458 282 ὁπωσοῦν
1482 254 1522 280 τι
1538 238 1687 295 διαφὲ-
1735 241 1741 244 ’

254 322 328 362 ρον
346 306 416 359 τῆς
440 302 587 351 οὕσιάς
616 298 694 342 τοῦ
725 301 833 342 θεοῦ
868 298 1058 343 ἄκτιστον
1085 299 1320 357 ἧγεῖσθαι.”
1373 304 1419 345 ἐκ
1448 299 1604 346 τούτων
1634 297 1685 359 δὴ

223 370 336 413 Βτῶν
361 366 492 422 λόγων
520 363 657 421 ὥσπερ
689 365 917 422 οἶφετηρίας
945 365 1173 422 ὅρμηθεὶς,
1216 365 1349 408 πολλοὶ
1388 369 1460 410 καί
1491 363 1581 410 εἶπε
1617 369 1691 410 καὶ

252 432 542 490 συνεγράψατο
571 429 673 473 κατὰ
702 425 936 487 Γρηγορίου
966 431 1039 478 καί
1064 433 1148 473 τῶν
1175 425 1310 473 ἄλλων
1335 434 1557 487 μοναχῶν,
1586 429 1690 488 πρὸς

251 504 339 548 τοῖς
362 496 561 554 πρότερον
588 498 661 538 καί
688 497 851 538 διθεΐαν
878 497 1080 551 ἐγκαλῶν.
1137 495 1188 538 ού
1230 494 1314 551 μην
1342 492 1442 540 ούδὲ
1469 498 1623 541 ἐκεῖνοί
1640 501 1713 553 γεὸ

251 565 432 620 ἠμέλουν
458 564 535 604 τοῦ
558 561 617 616 μὴ
651 557 876 616 ἐπιλέγειν
906 563 1095 618 φανερῶς
1121 560 1193 604 καί
1218 563 1509 618 διεφθαρμένα
1531 561 1686 616 δόγμα-

251 647 306 672 τα
333 626 550 683 εἰσάγοντα
577 626 870 669 ἀποδεικνύναι
897 626 970 669 καί
992 633 1076 676 τοϊς
1097 626 1319 683 θεοσόφοις
1344 625 1479 682 λόγοις
1505 627 1686 672 ἐναντία.

251 692 466 751 ,Βαρλαοὶμ
502 694 548 735 δὲ
586 690 769 746 οἰόμενος
801 691 874 735 καί
904 693 989 735 τῶν
1017 689 1206 748 ἀρχαίων
1231 691 1439 746 θεολόγων
1464 691 1594 751 σοφίᾳ
1618 689 1688 734 λό-

252 776 336 819 γων
364 760 437 801 καί
463 761 606 802 πειθοῖ
627 756 863 815 κρατήσειν,
893 759 952 807 εἰς
978 759 1212 809 Βυζάντιον
1235 757 1462 807 ἐκπλεύσας
1471 791 1495 812 „
1518 751 1685 814 Ἰωάννῃ

253 826 314 882 τῷ
333 824 686 880 πατριαρχεύοντι
715 822 807 865 τότε
837 821 888 865 τὰ
920 822 1026 866 κατὰ
1052 824 1135 867 ταῖν
1163 824 1358 878 μοναχῶν
1384 822 1742 878 σνγγρᾶμματαῐο

254 889 477 944 ἐγχειρίζει
514 890 586 931 καί
611 889 788 931 σύνοδον
824 889 956 929 ἐδεῖτο
994 885 1287 944 συναθροίζειν
1327 891 1419 931 κατ’
1444 887 1609 942 αὖτῶν,
1633 883 1690 937 αἷς

254 960 342 1004 τοῖς
370 951 514 1008 ὀρθοῖς
545 951 746 1008 δόγμασιν
780 953 946 996 ἐναντίοι
982 955 1053 995 καί
1091 953 1347 1010 φρονοῦντας
1390 952 1464 996 καί
1500 954 1691 1008 λέγοντας

253 1020 445 1074 ἐλέγξων,
472 1018 544 1060 καὶ
583 1018 711 1069 πολύς
743 1013 794 1074 ἦν
825 1019 930 1076 ῥέων
966 1023 1058 1061 κατ’
1094 1019 1260 1060 ἐκείνων
1277 1050 1289 1072 ,
1321 1018 1394 1060 καὶ
1424 1015 1501 1073 τήν
1529 1018 1692 1060 διθεΐαν

219 1085 453 1139 (Ξέγκαλῶν.
507 1086 739 1144 πατριάρχῃ
769 1086 816 1127 δὲ
843 1087 1040 1143 περιορᾷν
1073 1084 1123 1126 οὗ
1151 1086 1238 1126 δεῖν
1259 1082 1394 1126 ἐδόκει
1415 1083 1470 1127 τοὶ
1499 1075 1690 1139 maffia,

257 1147 364 1192 ἀλλὰ
399 1149 641 1205 γράμμασιν
668 1151 805 1192 ἐκάλει
842 1149 945 1200 τούς
974 1149 1188 1205 μοναχούς
1223 1151 1269 1191 ἐκ
1306 1149 1608 1208 Θεσσαλονίκης
1641 1141 1744 1190 aa&

254 1216 416 1275 παντᾷν
446 1217 519 1257 ἐπὶ
553 1214 629 1272 τὴν
662 1217 805 1273 δίκην·
857 1215 932 1258 καί
958 1217 1152 1272 παρῆσαν
1185 1213 1257 1259 καί
1293 1210 1414 1258 advoc·
1444 1215 1526 1257 τῶν
1558 1212 1693 1270 λόγων

254 1277 478 1336 ύφέξοντες
518 1279 723 1329 εὐθύνας.
778 1282 823 1323 ἐν
852 1278 1016 1330 τούτοις
1054 1282 1100 1323 δὲ
1140 1281 1282 1330 αὐτοῖς
1309 1280 1392 1322 τῶν
1427 1277 1693 1339 πραγμάτων,

255 1347 328 1386 καί
351 1345 539 1401 θορύβου
572 1347 725 1388 πολλοῦ
754 1345 828 1388 καί
850 1348 1036 1403 ταραχῆς
1071 1344 1147 1401 τὴν
1177 1345 1395 1401 ἐκκλησίαν
1425 1339 1693 1400 κατεχούσης,

256 1412 328 1457 καί
350 1408 374 1451 ὅ
390 1408 588 1463 βασιλεύς
611 1412 656 1453 ἐκ
680 1412 754 1465 τῆς
774 1412 833 1461 εἷς
855 1410 1130 1467 Ἀκαρνανίαν
1158 1410 1376 1466 στρατείας
1394 1411 1453 1459 εἷς
1462 1407 1692 1461 Βυζάντιον

256 1475 455 1530 ἐπανῆκε.
507 1474 580 1517 καὶ
615 1476 848 1529 πυθόμενος
894 1472 974 1519 ὅσα
1003 1474 1217 1532 Βαρλαὰμ
1263 1477 1501 1532 διαφέροιτο
1542 1473 1616 1517 καὶ
1653 1471 1748 1517 οἷ20

256 1541 444 1593 μοναχοί,
473 1542 619 1596 πρῶτα
646 1544 724 1594 μὲν
751 1540 1044 1596 κατασιγάζειν
1060 1542 1271 1598 ἐπειρᾶτο,
1309 1538 1519 1598 ἑκατέροις
1542 1555 1694 1595 παραι-

257 1606 342 1647 νῶν
363 1607 435 1660 τῆς
465 1601 697 1660 ἀντιλογίας
723 1607 984 1661 ἀποσχέσθαι
1000 1606 1075 1649 καί
1089 1606 1162 1662 τήν
1184 1605 1345 1662 ἔχθραν
1366 1602 1693 1658 καταλύσαντας,

219 1666 400 1726 Βῶσπερ
433 1669 508 1713 καί
530 1669 729 1728 πρότερον
760 1668 954 1727 οἷλλήλοις
986 1668 1095 1714 εἶναι
1125 1674 1273 1727 φίλους
1298 1669 1449 1726 καὶμὴ
1475 1667 1543 1712 dcci
1573 1673 1693 1726 φιλο-

257 1737 413 1778 νεικίαν
449 1734 572 1792 σφίσι
607 1733 665 1778 τε
685 1737 825 1787 αὐτοῖς
862 1736 936 1780 καί
969 1743 1054 1788 τοῖς
1087 1731 1229 1786 ἄλλοις
1262 1734 1454 1793 ταραχὴν
1479 1734 1693 1791 παρέχειν·

259 1856 340 1892 dem
365 1858 424 1899 sit,
447 1869 467 1891 a
491 1857 617 1895 divina
642 1860 798 1893 essentia
824 1859 1004 1894 diversum
1029 1871 1072 1893 ac
1096 1858 1302 1904 discrepans
1317 1884 1328 1900 ,
1363 1859 1562 1893 increatum
1593 1856 1693 1892 arbi-

257 1904 391 1938 trabor.
439 1906 492 1938 Ex
518 1905 574 1939 his
611 1907 837 1941 sermonibus
862 1907 960 1940 velut
984 1917 1004 1939 a
1028 1906 1227 1940 carceribus
1253 1908 1408 1947 effusus,
1448 1910 1571 1938 contra
1603 1903 1695 1938 Gre-

261 1951 398 1995 gorium
421 1952 583 1996 aliosque
607 1953 802 1987 monachos
827 1953 942 1985 multa
965 1953 1076 1986 verbo
1102 1958 1138 1986 et
1162 1953 1296 1997 scripto
1316 1951 1526 1993 blateravit,
1550 1955 1695 1996 praeter

261 2002 379 2030 cetera
414 1999 521 2031 etiam
559 1999 786 2033 divinitatem
823 1999 1042 2042 duplicatam
1079 1999 1166 2044 ipsis
1203 1999 1344 2032 crimini
1380 1997 1478 2031 dans.
1524 1996 1572 2031 At
1596 1997 1694 2030 enim

259 2054 327 2076 nec
354 2049 473 2087 patres
501 2056 537 2078 se
562 2045 680 2088 palam
706 2046 800 2078 tueri
831 2045 1027 2090 parcebant
1051 2050 1089 2079 et
1120 2044 1332 2085 ostendere,
1363 2041 1466 2077 illum
1490 2046 1693 2088 corruptam

260 2089 456 2124 doctrinam
482 2096 519 2124 et
542 2091 664 2127 divina
691 2092 867 2136 sapientia
891 2091 1040 2125 eruditis
1073 2091 1251 2136 theologis
1284 2090 1497 2125 contrariam
1527 2087 1694 2124 introdu-

260 2147 349 2169 cere.
396 2137 598 2171 Barlaamus
643 2144 763 2171 autem
804 2140 972 2183 antiquos
1012 2139 1120 2171 etiam
1154 2137 1340 2182 theologos
1381 2136 1543 2171 doctrina
1585 2140 1622 2168 et
1656 2133 1694 2167 vi

261 2181 502 2227 persuadendi
527 2195 564 2217 se
590 2191 840 2228 superaturum
865 2185 1036 2226 confisus,
1062 2185 1268 2228 Byzantium
1292 2184 1454 2229 navigat,
1478 2182 1606 2216 Ioanni
1629 2192 1696 2225 per-

263 2228 304 2261 id
335 2234 476 2273 tempus
517 2231 741 2273 patriarchae
774 2232 1048 2266 commentarios
1081 2242 1162 2264 suos
1199 2236 1323 2265 contra
1358 2227 1548 2266 monachos
1581 2227 1694 2261 tradit

264 2280 302 2308 et
324 2275 497 2318 synodum
521 2276 687 2312 adversus
724 2278 868 2310 eosdem
903 2278 1108 2322 congregari
1134 2278 1272 2318 instat,
1307 2282 1349 2310 ut
1379 2286 1459 2309 cum
1494 2274 1602 2308 rectis
1628 2273 1695 2307 (lo-2

263 2322 388 2366 gmatis
414 2323 611 2366 pugnantia
635 2324 718 2356 illos
742 2325 875 2356 sentire
899 2335 938 2356 ae
963 2324 1091 2357 docere
1114 2324 1353 2368 probaturus:
1377 2323 1416 2355 in
1451 2331 1540 2367 quos
1565 2319 1695 2354 verbo-

264 2369 336 2401 sius
362 2367 555 2410 invehens,
599 2368 642 2402 de
668 2370 843 2414 geminata
874 2370 1009 2403 deitate
1041 2381 1102 2403 eos
1139 2369 1338 2403 accusabat.
1386 2366 1611 2402 Patriarchae
1637 2376 1694 2399 res

261 2415 335 2448 visa
371 2416 520 2449 minime
555 2415 787 2461 negligenda:
825 2427 934 2462 quare
968 2415 1160 2452 monachos
1186 2414 1441 2449 Thessalonica
1469 2423 1534 2457 per
1555 2412 1694 2446 litteras

265 2460 310 2493 ad
335 2460 508 2494 iudicium
534 2462 628 2495 citat.
678 2463 737 2495 Illi
766 2474 907 2495 causam
944 2459 1075 2496 dicturi
1100 2462 1239 2496 adsunt.
1287 2462 1329 2494 In
1355 2459 1412 2494 his
1438 2459 1607 2493 ecclesiae
1632 2464 1694 2491 tu-

261 2508 436 2540 multibus
462 2519 501 2540 ac
524 2508 680 2541 motibus
705 2509 898 2553 imperator
921 2509 965 2542 ab
993 2508 1222 2553 expeditione
1247 2508 1286 2541 in
1309 2507 1542 2540 Acarnaniam
1556 2507 1694 2549 Byzan-

260 2554 354 2586 tium
390 2553 506 2595 redit‚
541 2556 743 2600 certiorque
778 2556 892 2589 factus
920 2555 965 2589 de
990 2555 1165 2589 Barlaami
1189 2559 1226 2588 et
1258 2552 1514 2588 monachorum
1548 2556 1694 2585 contro-

260 2601 406 2640 versiis,
441 2601 596 2646 primum
628 2601 774 2647 quidem
808 2602 993 2635 silentium
1018 2603 1071 2635 eis
1107 2603 1293 2645 imponere
1329 2599 1487 2639 studuit,
1521 2603 1693 2643 utrosque

261 2647 447 2687 hortatus,
494 2648 548 2680 uti
591 2647 884 2681 altercationibus
918 2648 1065 2681 modum
1098 2648 1258 2681 facerent
1289 2645 1499 2679 inimicitias
1528 2655 1572 2677 ue
1612 2654 1694 2678 cum

260 2694 411 2738 pristina
442 2693 630 2727 concordia
655 2699 857 2735 mutarent,
891 2705 980 2729 neve
1003 2705 1067 2739 pcr
1097 2695 1189 2728 rixas
1221 2693 1368 2728 sibimet
1389 2697 1425 2726 ct
1459 2691 1539 2725 aliis
1568 2689 1693 2729 turbas
