<?xml version="1.0" encoding="UTF-8"?>
<!DOCTYPE html PUBLIC "-//W3C//DTD XHTML 1.0 Transitional//EN"
    "http://www.w3.org/TR/xhtml1/DTD/xhtml1-transitional.dtd">
<html xmlns="http://www.w3.org/1999/xhtml" xml:lang="en" lang="en">
 <head>
  <title>
</title>
<meta http-equiv="Content-Type" content="text/html;charset=utf-8" />
  <meta name='ocr-system' content='tesseract 3.04.00' />
  <meta name='ocr-capabilities' content='ocr_page ocr_carea ocr_par ocr_line ocrx_word'/>
</head>
<body>
  <div class='ocr_page' id='page_1' title='image "./corpusscriptorum23niebuoft_0601.png"; bbox 0 0 1820 3164; ppageno 0'>
   <div class='ocr_carea' id='block_1_1' title="bbox 0 351 21 596">
    <p class='ocr_par' dir='ltr' id='par_1_1' title="bbox 0 351 21 596">
     <span class='ocr_line' id='line_1_1' title="bbox 0 351 21 596; textangle 90"><span class='ocrx_word' id='word_1_1' title='bbox 0 574 21 596; x_wconf 50' lang='grc' dir='ltr'><strong>ζ·</strong></span> <span class='ocrx_word' id='word_1_2' title='bbox 0 542 4 554; x_wconf 70' lang='grc'><strong>’“</strong></span> <span class='ocrx_word' id='word_1_3' title='bbox 0 386 18 534; x_wconf 38' lang='lat' dir='ltr'><strong>axona-7:⁴22»</strong></span> <span class='ocrx_word' id='word_1_4' title='bbox 4 351 16 378; x_wconf 48' lang='lat' dir='ltr'><em>z</em></span> 
     </span>
    </p>
   </div>
   <div class='ocr_carea' id='block_1_2' title="bbox 487 58 1585 136">
    <p class='ocr_par' dir='ltr' id='par_1_2' title="bbox 487 58 1585 136">
     <span class='ocr_line' id='line_1_2' title="bbox 487 58 1585 136; baseline 0.002 -12"><span class='ocrx_word' id='word_1_5' title='bbox 487 101 490 104; x_wconf 94' lang='lat'><em>-</em></span> <span class='ocrx_word' id='word_1_6' title='bbox 546 81 928 125; x_wconf 71' lang='lat' dir='ltr'><strong>msmmARnu</strong></span> <span class='ocrx_word' id='word_1_7' title='bbox 967 84 1022 124; x_wconf 85' lang='lat' dir='ltr'><strong>u.</strong></span> <span class='ocrx_word' id='word_1_8' title='bbox 1062 84 1133 128; x_wconf 76' lang='lat' dir='ltr'><strong>ao.</strong></span> <span class='ocrx_word' id='word_1_9' title='bbox 1470 58 1585 136; x_wconf 80' lang='lat'><strong>559</strong></span> 
     </span>
    </p>
   </div>
   <div class='ocr_carea' id='block_1_3' title="bbox 14 179 1768 1693">
    <p class='ocr_par' dir='ltr' id='par_1_3' title="bbox 126 179 1768 373">
     <span class='ocr_line' id='line_1_3' title="bbox 126 179 1768 241; baseline -0.003 -12"><span class='ocrx_word' id='word_1_10' title='bbox 126 185 182 230; x_wconf 71' lang='grc' dir='ltr'><strong>τὰ</strong></span> <span class='ocrx_word' id='word_1_11' title='bbox 204 183 528 241; x_wconf 50' lang='lat' dir='ltr'><strong>pausantem</strong></span> <span class='ocrx_word' id='word_1_12' title='bbox 547 182 839 238; x_wconf 77' lang='grc' dir='ltr'><strong><em>συμβουλεύει,</em></strong></span> <span class='ocrx_word' id='word_1_13' title='bbox 866 186 1084 238; x_wconf 57' lang='lat' dir='ltr'><strong>„navam”</strong></span> <span class='ocrx_word' id='word_1_14' title='bbox 1111 179 1199 227; x_wconf 78' lang='grc' dir='ltr'><strong><em>εἶπε</em></strong></span> <span class='ocrx_word' id='word_1_15' title='bbox 1213 183 1419 238; x_wconf 82' lang='grc' dir='ltr'><strong><em>,,τοιαῦτα</em></strong></span> <span class='ocrx_word' id='word_1_16' title='bbox 1439 183 1627 238; x_wconf 80' lang='grc' dir='ltr'><strong><em>λέγειν.Δ.</em></strong></span> <span class='ocrx_word' id='word_1_17' title='bbox 1639 186 1768 233; x_wconf 74' lang='grc' dir='ltr'><strong><em>(2.134ι</em></strong></span> 
     </span>
     <span class='ocr_line' id='line_1_4' title="bbox 127 245 1622 308; baseline -0.003 -14"><span class='ocrx_word' id='word_1_18' title='bbox 127 249 179 301; x_wconf 74' lang='grc' dir='ltr'><strong><em>ὃς</em></strong></span> <span class='ocrx_word' id='word_1_19' title='bbox 200 248 406 308; x_wconf 69' lang='grc' dir='ltr'><strong>γὰρ,”τοῦ’</strong></span> <span class='ocrx_word' id='word_1_20' title='bbox 433 245 560 305; x_wconf 88' lang='grc' dir='ltr'><strong><em>φίλου</em></strong></span> <span class='ocrx_word' id='word_1_21' title='bbox 586 250 826 303; x_wconf 73' lang='grc' dir='ltr'><strong><em>τεθνεῶτος,</em></strong></span> <span class='ocrx_word' id='word_1_22' title='bbox 851 248 912 306; x_wconf 79' lang='grc' dir='ltr'><strong>μὴ</strong></span> <span class='ocrx_word' id='word_1_23' title='bbox 939 249 1036 301; x_wconf 77' lang='grc' dir='ltr'><strong><em>τοὺς</em></strong></span> <span class='ocrx_word' id='word_1_24' title='bbox 1063 248 1209 308; x_wconf 78' lang='grc' dir='ltr'><em>φιλίας</em></span> <span class='ocrx_word' id='word_1_25' title='bbox 1233 254 1356 306; x_wconf 78' lang='grc' dir='ltr'><strong><em>τηρεῖ·</em></strong></span> <span class='ocrx_word' id='word_1_26' title='bbox 1374 245 1574 302; x_wconf 71' lang='grc' dir='ltr'><strong><em>θεσμοὺς,</em></strong></span> <span class='ocrx_word' id='word_1_27' title='bbox 1593 259 1622 296; x_wconf 89' lang='lat' dir='ltr'><strong>c</strong></span> 
     </span>
     <span class='ocr_line' id='line_1_5' title="bbox 127 309 1585 373; baseline -0.003 -13"><span class='ocrx_word' id='word_1_28' title='bbox 127 311 377 367; x_wconf 66' lang='grc' dir='ltr'><strong><em>οὗτοςοῧδὲ</em></strong></span> <span class='ocrx_word' id='word_1_29' title='bbox 403 316 559 368; x_wconf 73' lang='grc' dir='ltr'><strong><em>ζῶντος</em></strong></span> <span class='ocrx_word' id='word_1_30' title='bbox 585 310 638 370; x_wconf 80' lang='grc' dir='ltr'><strong><em>ἦν</em></strong></span> <span class='ocrx_word' id='word_1_31' title='bbox 667 315 789 370; x_wconf 83' lang='grc' dir='ltr'><strong><em>φίλος</em></strong></span> <span class='ocrx_word' id='word_1_32' title='bbox 815 311 1021 372; x_wconf 75' lang='grc' dir='ltr'><strong><em>ἇληθής.”</em></strong></span> <span class='ocrx_word' id='word_1_33' title='bbox 1059 314 1165 373; x_wconf 87' lang='grc' dir='ltr'><strong><em>πρὸς</em></strong></span> <span class='ocrx_word' id='word_1_34' title='bbox 1189 318 1269 370; x_wconf 84' lang='grc' dir='ltr'><strong><em>μὲν</em></strong></span> <span class='ocrx_word' id='word_1_35' title='bbox 1299 309 1378 358; x_wconf 67' lang='grc' dir='ltr'><strong>οὖν</strong></span> <span class='ocrx_word' id='word_1_36' title='bbox 1406 312 1481 358; x_wconf 83' lang='grc' dir='ltr'><strong><em>τὸν</em></strong></span> <span class='ocrx_word' id='word_1_37' title='bbox 1505 315 1585 368; x_wconf 83' lang='grc' dir='ltr'><strong><em>μέ..</em></strong></span> 
     </span>
    </p>

    <p class='ocr_par' dir='ltr' id='par_1_4' title="bbox 127 377 1588 440">
     <span class='ocr_line' id='line_1_6' title="bbox 127 377 1588 440; baseline -0.003 -13"><span class='ocrx_word' id='word_1_38' title='bbox 127 400 208 440; x_wconf 74' lang='grc' dir='ltr'><strong><em>γαν</em></strong></span> <span class='ocrx_word' id='word_1_39' title='bbox 234 381 479 438; x_wconf 74' lang='grc' dir='ltr'><strong><em>δομὲστικον</em></strong></span> <span class='ocrx_word' id='word_1_40' title='bbox 507 377 630 424; x_wconf 72' lang='grc' dir='ltr'><strong><em>οὐδὲν</em></strong></span> <span class='ocrx_word' id='word_1_41' title='bbox 657 378 721 423; x_wconf 81' lang='grc' dir='ltr'><strong><em>ἔτι</em></strong></span> <span class='ocrx_word' id='word_1_42' title='bbox 748 377 886 436; x_wconf 85' lang='grc' dir='ltr'><strong><em>εἶπεν,</em></strong></span> <span class='ocrx_word' id='word_1_43' title='bbox 934 379 1065 432; x_wconf 79' lang='grc' dir='ltr'><strong><em>οὕτως</em></strong></span> <span class='ocrx_word' id='word_1_44' title='bbox 1101 384 1318 439; x_wconf 77' lang='grc' dir='ltr'><strong><em>ἐμβριθῶς</em></strong></span> <span class='ocrx_word' id='word_1_45' title='bbox 1357 377 1588 437; x_wconf 73' lang='grc' dir='ltr'><strong><em>ἀποκρινοί-</em></strong></span> 
     </span>
    </p>

    <p class='ocr_par' dir='ltr' id='par_1_5' title="bbox 101 441 1585 514">
     <span class='ocr_line' id='line_1_7' title="bbox 101 441 1585 514; baseline -0.002 -21"><span class='ocrx_word' id='word_1_46' title='bbox 101 447 265 514; x_wconf 48' lang='lat' dir='ltr'><strong>&amp;carofi</strong></span> <span class='ocrx_word' id='word_1_47' title='bbox 291 451 344 506; x_wconf 80' lang='grc' dir='ltr'><strong>τῇ</strong></span> <span class='ocrx_word' id='word_1_48' title='bbox 361 446 492 504; x_wconf 74' lang='grc' dir='ltr'><strong><em>μητρὶ</em></strong></span> <span class='ocrx_word' id='word_1_49' title='bbox 508 448 555 490; x_wconf 83' lang='grc' dir='ltr'><strong><em>δὲ</em></strong></span> <span class='ocrx_word' id='word_1_50' title='bbox 575 441 710 490; x_wconf 62' lang='lat' dir='ltr'><strong>miron?</strong></span> <span class='ocrx_word' id='word_1_51' title='bbox 730 447 987 504; x_wconf 79' lang='grc' dir='ltr'><strong><em>προσελθών,</em></strong></span> <span class='ocrx_word' id='word_1_52' title='bbox 1013 448 1066 492; x_wconf 81' lang='grc' dir='ltr'><strong>τά</strong></span> <span class='ocrx_word' id='word_1_53' title='bbox 1088 446 1160 492; x_wconf 81' lang='grc' dir='ltr'><strong><em>ἴσα</em></strong></span> <span class='ocrx_word' id='word_1_54' title='bbox 1181 449 1388 504; x_wconf 78' lang='grc' dir='ltr'><strong><em>ἐπεχείρει</em></strong></span> <span class='ocrx_word' id='word_1_55' title='bbox 1406 448 1585 499; x_wconf 83' lang='grc' dir='ltr'><strong><em>πείθειν,</em></strong></span> 
     </span>
    </p>

    <p class='ocr_par' dir='ltr' id='par_1_6' title="bbox 97 509 1587 770">
     <span class='ocr_line' id='line_1_8' title="bbox 97 509 1585 580; baseline -0.003 -20"><span class='ocrx_word' id='word_1_56' title='bbox 97 578 99 580; x_wconf 12' lang='lat' dir='ltr'>V</span> <span class='ocrx_word' id='word_1_57' title='bbox 126 515 324 570; x_wconf 78' lang='grc' dir='ltr'><strong><em>οἰόμενος,</em></strong></span> <span class='ocrx_word' id='word_1_58' title='bbox 346 509 400 558; x_wconf 63' lang='grc' dir='ltr'><strong><em>ἂν</em></strong></span> <span class='ocrx_word' id='word_1_59' title='bbox 418 512 576 569; x_wconf 73' lang='grc' dir='ltr'><strong><em>ταύτην</em></strong></span> <span class='ocrx_word' id='word_1_60' title='bbox 587 517 730 556; x_wconf 81' lang='grc' dir='ltr'><strong><em>πεῖσαι</em></strong></span> <span class='ocrx_word' id='word_1_61' title='bbox 749 515 927 572; x_wconf 79' lang='grc' dir='ltr'><strong><em>δυνηθῇ,</em></strong></span> <span class='ocrx_word' id='word_1_62' title='bbox 954 512 1002 557; x_wconf 83' lang='grc' dir='ltr'><strong>τὸ</strong></span> <span class='ocrx_word' id='word_1_63' title='bbox 1022 513 1356 568; x_wconf 79' lang='grc' dir='ltr'><strong><em>σπουδαζόμενον</em></strong></span> <span class='ocrx_word' id='word_1_64' title='bbox 1375 513 1585 570; x_wconf 79' lang='grc' dir='ltr'><strong><em>ἧνυκέναι,</em></strong></span> 
     </span>
     <span class='ocr_line' id='line_1_9' title="bbox 126 574 1587 639; baseline -0.003 -15"><span class='ocrx_word' id='word_1_65' title='bbox 126 579 187 632; x_wconf 70' lang='grc' dir='ltr'><strong><em>ὥς</em></strong></span> <span class='ocrx_word' id='word_1_66' title='bbox 206 580 286 623; x_wconf 69' lang='grc' dir='ltr'><strong>οὔκ</strong></span> <span class='ocrx_word' id='word_1_67' title='bbox 302 574 357 624; x_wconf 69' lang='grc' dir='ltr'><strong><em>ἂν</em></strong></span> <span class='ocrx_word' id='word_1_68' title='bbox 373 579 638 628; x_wconf 69' lang='grc' dir='ltr'><strong><em>ἀπειπόντος</em></strong></span> <span class='ocrx_word' id='word_1_69' title='bbox 657 579 732 621; x_wconf 72' lang='grc' dir='ltr'><strong>τοῦ</strong></span> <span class='ocrx_word' id='word_1_70' title='bbox 751 577 852 622; x_wconf 80' lang='grc' dir='ltr'><strong><em>υἱοῦ</em></strong></span> <span class='ocrx_word' id='word_1_71' title='bbox 873 577 952 634; x_wconf 80' lang='grc' dir='ltr'><strong><em>ὅ,τι</em></strong></span> <span class='ocrx_word' id='word_1_72' title='bbox 967 575 1021 623; x_wconf 73' lang='grc' dir='ltr'><strong><em>ἂν</em></strong></span> <span class='ocrx_word' id='word_1_73' title='bbox 1040 582 1092 639; x_wconf 79' lang='grc' dir='ltr'><strong>τῇ</strong></span> <span class='ocrx_word' id='word_1_74' title='bbox 1109 582 1241 637; x_wconf 74' lang='grc' dir='ltr'><strong><em>μητρί</em></strong></span> <span class='ocrx_word' id='word_1_75' title='bbox 1260 581 1400 635; x_wconf 82' lang='grc' dir='ltr'><strong><em>δοκοίη</em></strong></span> <span class='ocrx_word' id='word_1_76' title='bbox 1419 581 1492 621; x_wconf 86' lang='grc' dir='ltr'>καί</span> <span class='ocrx_word' id='word_1_77' title='bbox 1509 581 1587 621; x_wconf 85' lang='grc' dir='ltr'><strong>λυ-</strong></span> 
     </span>
     <span class='ocr_line' id='line_1_10' title="bbox 126 642 1586 703; baseline -0.002 -13"><span class='ocrx_word' id='word_1_78' title='bbox 126 648 289 696; x_wconf 77' lang='grc' dir='ltr'><strong><em>σιτελὲς</em></strong></span> <span class='ocrx_word' id='word_1_79' title='bbox 314 643 425 700; x_wconf 75' lang='grc' dir='ltr'><strong>ὅμοῦ</strong></span> <span class='ocrx_word' id='word_1_80' title='bbox 455 645 528 693; x_wconf 71' lang='grc' dir='ltr'><strong><em>καὶ</em></strong></span> <span class='ocrx_word' id='word_1_81' title='bbox 565 645 751 688; x_wconf 85' lang='grc' dir='ltr'><strong><em>δίκαιον.</em></strong></span> <span class='ocrx_word' id='word_1_82' title='bbox 810 645 869 697; x_wconf 75' lang='grc' dir='ltr'><strong><em>ὥς</em></strong></span> <span class='ocrx_word' id='word_1_83' title='bbox 895 648 943 688; x_wconf 85' lang='grc' dir='ltr'><strong><em>δὲ</em></strong></span> <span class='ocrx_word' id='word_1_84' title='bbox 976 649 1050 690; x_wconf 82' lang='grc' dir='ltr'>καί</span> <span class='ocrx_word' id='word_1_85' title='bbox 1074 651 1175 703; x_wconf 79' lang='grc' dir='ltr'><strong><em>παρ’</em></strong></span> <span class='ocrx_word' id='word_1_86' title='bbox 1198 644 1356 701; x_wconf 77' lang='grc' dir='ltr'><strong><em>ἐκείνης</em></strong></span> <span class='ocrx_word' id='word_1_87' title='bbox 1385 646 1461 701; x_wconf 84' lang='grc' dir='ltr'><strong><em>τῆς</em></strong></span> <span class='ocrx_word' id='word_1_88' title='bbox 1490 642 1586 701; x_wconf 85' lang='grc' dir='ltr'><strong><em>ἴσης</em></strong></span> 
     </span>
     <span class='ocr_line' id='line_1_11' title="bbox 127 706 1587 770; baseline -0.001 -15"><span class='ocrx_word' id='word_1_89' title='bbox 127 711 276 768; x_wconf 72' lang='grc' dir='ltr'><strong><em>ἔτυχον</em></strong></span> <span class='ocrx_word' id='word_1_90' title='bbox 304 711 531 767; x_wconf 69' lang='grc' dir='ltr'><strong><em>ἀπολογίας</em></strong></span> <span class='ocrx_word' id='word_1_91' title='bbox 557 706 587 767; x_wconf 76' lang='grc' dir='ltr'><em>ἢ</em></span> <span class='ocrx_word' id='word_1_92' title='bbox 602 710 684 755; x_wconf 80' lang='grc' dir='ltr'><strong>,καί</strong></span> <span class='ocrx_word' id='word_1_93' title='bbox 706 706 1043 770; x_wconf 76' lang='grc' dir='ltr'><strong><em>αὖστηροτέρας,</em></strong></span> <span class='ocrx_word' id='word_1_94' title='bbox 1089 710 1148 768; x_wconf 72' lang='grc' dir='ltr'><strong>μὴ</strong></span> <span class='ocrx_word' id='word_1_95' title='bbox 1183 714 1360 755; x_wconf 77' lang='grc' dir='ltr'><strong><em>τοιαῦτα</em></strong></span> <span class='ocrx_word' id='word_1_96' title='bbox 1390 709 1587 754; x_wconf 83' lang='grc' dir='ltr'><strong><em>κελευού-</em></strong></span> 
     </span>
    </p>

    <p class='ocr_par' dir='ltr' id='par_1_7' title="bbox 14 773 1622 1101">
     <span class='ocr_line' id='line_1_12' title="bbox 14 773 1584 835; baseline -0.003 -13"><span class='ocrx_word' id='word_1_97' title='bbox 14 800 16 802; x_wconf 56' lang='grc'>’</span> <span class='ocrx_word' id='word_1_98' title='bbox 80 791 207 834; x_wconf 73' lang='lat' dir='ltr'><strong>loe-qe,-</strong></span> <span class='ocrx_word' id='word_1_99' title='bbox 223 777 541 832; x_wconf 72' lang='grc' dir='ltr'><strong><em>συμβουλεύειν,</em></strong></span> <span class='ocrx_word' id='word_1_100' title='bbox 566 773 598 820; x_wconf 71' lang='grc' dir='ltr'><em>ἃ</em></span> <span class='ocrx_word' id='word_1_101' title='bbox 616 775 677 833; x_wconf 77' lang='grc' dir='ltr'><strong>μὴ</strong></span> <span class='ocrx_word' id='word_1_102' title='bbox 693 779 904 834; x_wconf 82' lang='grc' dir='ltr'><strong><em>συμφέρει</em></strong></span> <span class='ocrx_word' id='word_1_103' title='bbox 925 778 1119 835; x_wconf 82' lang='grc' dir='ltr'><strong><em>πράττειν</em></strong></span> <span class='ocrx_word' id='word_1_104' title='bbox 1138 775 1213 821; x_wconf 82' lang='grc' dir='ltr'><strong><em>τὸν</em></strong></span> <span class='ocrx_word' id='word_1_105' title='bbox 1233 775 1339 830; x_wconf 84' lang='grc' dir='ltr'><strong><em>υἱὸν,</em></strong></span> <span class='ocrx_word' id='word_1_106' title='bbox 1371 776 1584 826; x_wconf 76' lang='grc' dir='ltr'><strong><em>παντελῶς</em></strong></span> 
     </span>
     <span class='ocr_line' id='line_1_13' title="bbox 127 837 1586 900; baseline -0.003 -13"><span class='ocrx_word' id='word_1_107' title='bbox 127 843 332 898; x_wconf 69' lang='grc' dir='ltr'><strong><em>ἀπέσχετο</em></strong></span> <span class='ocrx_word' id='word_1_108' title='bbox 347 843 423 899; x_wconf 79' lang='grc' dir='ltr'><strong><em>τῆς</em></strong></span> <span class='ocrx_word' id='word_1_109' title='bbox 438 844 611 899; x_wconf 83' lang='grc' dir='ltr'><strong><em>πείρας.</em></strong></span> <span class='ocrx_word' id='word_1_110' title='bbox 648 841 673 885; x_wconf 77' lang='grc' dir='ltr'><em>ὅ</em></span> <span class='ocrx_word' id='word_1_111' title='bbox 691 845 822 899; x_wconf 79' lang='grc' dir='ltr'><strong><em>μέγας</em></strong></span> <span class='ocrx_word' id='word_1_112' title='bbox 844 845 890 886; x_wconf 79' lang='grc' dir='ltr'><strong><em>δὲ</em></strong></span> <span class='ocrx_word' id='word_1_113' title='bbox 916 845 1156 898; x_wconf 85' lang='grc' dir='ltr'><strong><em>δομέστικος</em></strong></span> <span class='ocrx_word' id='word_1_114' title='bbox 1176 841 1286 900; x_wconf 81' lang='grc' dir='ltr'><strong><em>ὄρῶν</em></strong></span> <span class='ocrx_word' id='word_1_115' title='bbox 1303 837 1383 900; x_wconf 73' lang='grc' dir='ltr'><strong><em>ἤδη</em></strong></span> <span class='ocrx_word' id='word_1_116' title='bbox 1406 842 1586 897; x_wconf 80' lang='grc' dir='ltr'><strong><em>βασιλέα</em></strong></span> 
     </span>
     <span class='ocr_line' id='line_1_14' title="bbox 126 906 1622 967; baseline -0.001 -15"><span class='ocrx_word' id='word_1_117' title='bbox 126 909 174 952; x_wconf 80' lang='grc' dir='ltr'><strong><em>ἐν</em></strong></span> <span class='ocrx_word' id='word_1_118' title='bbox 190 910 284 967; x_wconf 75' lang='grc' dir='ltr'><strong>χρῷ</strong></span> <span class='ocrx_word' id='word_1_119' title='bbox 303 906 498 964; x_wconf 78' lang='grc' dir='ltr'><strong><em>κινδύνου</em></strong></span> <span class='ocrx_word' id='word_1_120' title='bbox 518 911 778 964; x_wconf 76' lang='grc' dir='ltr'><strong><em>καθεστῶτα,</em></strong></span> <span class='ocrx_word' id='word_1_121' title='bbox 797 908 870 952; x_wconf 80' lang='grc' dir='ltr'><strong><em>καὶ</em></strong></span> <span class='ocrx_word' id='word_1_122' title='bbox 886 908 1066 954; x_wconf 77' lang='grc' dir='ltr'><strong><em>συνιδών</em></strong></span> <span class='ocrx_word' id='word_1_123' title='bbox 1085 908 1144 961; x_wconf 74' lang='grc' dir='ltr'><strong><em>ὥς</em></strong></span> <span class='ocrx_word' id='word_1_124' title='bbox 1162 908 1350 964; x_wconf 83' lang='grc' dir='ltr'><strong><em>μάλιστα</em></strong></span> <span class='ocrx_word' id='word_1_125' title='bbox 1373 908 1622 964; x_wconf 77' lang='grc' dir='ltr'><strong><em>προσῆκονι)</em></strong></span> 
     </span>
     <span class='ocr_line' id='line_1_15' title="bbox 126 969 1586 1033; baseline -0.001 -15"><span class='ocrx_word' id='word_1_126' title='bbox 126 976 214 1019; x_wconf 62' lang='lat' dir='ltr'><strong>vav</strong></span> <span class='ocrx_word' id='word_1_127' title='bbox 229 976 437 1030; x_wconf 82' lang='grc' dir='ltr'><strong><em>βασιλέως</em></strong></span> <span class='ocrx_word' id='word_1_128' title='bbox 453 975 615 1018; x_wconf 79' lang='grc' dir='ltr'><strong><em>παίδων</em></strong></span> <span class='ocrx_word' id='word_1_129' title='bbox 634 975 835 1033; x_wconf 89' lang='grc' dir='ltr'><strong><em>πρόνοιαν</em></strong></span> <span class='ocrx_word' id='word_1_130' title='bbox 851 975 1114 1033; x_wconf 83' lang='grc' dir='ltr'><strong><em>ποιήσασθαι</em></strong></span> <span class='ocrx_word' id='word_1_131' title='bbox 1131 976 1290 1032; x_wconf 75' lang='grc' dir='ltr'><strong><em>καὶτῆς</em></strong></span> <span class='ocrx_word' id='word_1_132' title='bbox 1311 975 1461 1031; x_wconf 71' lang='grc' dir='ltr'><strong><em>ἀρχῆς,</em></strong></span> <span class='ocrx_word' id='word_1_133' title='bbox 1476 969 1586 1018; x_wconf 60' lang='grc' dir='ltr'><strong><em>Ἀν-</em></strong></span> 
     </span>
     <span class='ocr_line' id='line_1_16' title="bbox 120 1039 1584 1101; baseline -0.001 -17"><span class='ocrx_word' id='word_1_134' title='bbox 120 1055 175 1099; x_wconf 72' lang='grc' dir='ltr'><strong><em>νῃ</em></strong></span> <span class='ocrx_word' id='word_1_135' title='bbox 192 1042 248 1098; x_wconf 77' lang='grc' dir='ltr'><strong>τῇ</strong></span> <span class='ocrx_word' id='word_1_136' title='bbox 259 1040 450 1096; x_wconf 80' lang='grc' dir='ltr'><strong><em>βασιλίδι</em></strong></span> <span class='ocrx_word' id='word_1_137' title='bbox 464 1040 711 1098; x_wconf 80' lang='grc' dir='ltr'><strong><em>προσελθών</em></strong></span> <span class='ocrx_word' id='word_1_138' title='bbox 729 1042 945 1101; x_wconf 79' lang='grc' dir='ltr'><strong><em>θρηνούσῃ</em></strong></span> <span class='ocrx_word' id='word_1_139' title='bbox 968 1044 1040 1085; x_wconf 82' lang='grc' dir='ltr'>καί</span> <span class='ocrx_word' id='word_1_140' title='bbox 1065 1039 1315 1099; x_wconf 81' lang='grc' dir='ltr'><strong><em>ὀδυρομένῃ,</em></strong></span> <span class='ocrx_word' id='word_1_141' title='bbox 1331 1039 1387 1095; x_wconf 82' lang='grc' dir='ltr'><strong>,,ὅ</strong></span> <span class='ocrx_word' id='word_1_142' title='bbox 1409 1041 1489 1094; x_wconf 82' lang='grc' dir='ltr'><strong><em>μὲν</em></strong></span> <span class='ocrx_word' id='word_1_143' title='bbox 1500 1056 1584 1082; x_wconf 80' lang='grc' dir='ltr'><strong><em>πα·-</em></strong></span> 
     </span>
    </p>

    <p class='ocr_par' dir='ltr' id='par_1_8' title="bbox 77 1103 1586 1430">
     <span class='ocr_line' id='line_1_17' title="bbox 77 1103 1585 1164; baseline -0.001 -15"><span class='ocrx_word' id='word_1_144' title='bbox 77 1105 244 1164; x_wconf 74' lang='grc' dir='ltr'><strong><em>ι5ρών”</em></strong></span> <span class='ocrx_word' id='word_1_145' title='bbox 265 1103 355 1150; x_wconf 75' lang='grc' dir='ltr'><strong><em>εἷπε</em></strong></span> <span class='ocrx_word' id='word_1_146' title='bbox 381 1106 557 1164; x_wconf 77' lang='grc' dir='ltr'><strong><em>,’,καιρός</em></strong></span> <span class='ocrx_word' id='word_1_147' title='bbox 589 1107 639 1150; x_wconf 80' lang='grc' dir='ltr'><strong>οὖ</strong></span> <span class='ocrx_word' id='word_1_148' title='bbox 670 1109 853 1158; x_wconf 79' lang='grc' dir='ltr'><strong><em>πένθους</em></strong></span> <span class='ocrx_word' id='word_1_149' title='bbox 877 1109 977 1152; x_wconf 73' lang='grc' dir='ltr'><strong><em>οὐδὲ</em></strong></span> <span class='ocrx_word' id='word_1_150' title='bbox 1006 1108 1200 1164; x_wconf 84' lang='grc' dir='ltr'><strong><em>δακρύων</em></strong></span> <span class='ocrx_word' id='word_1_151' title='bbox 1227 1104 1334 1150; x_wconf 81' lang='grc' dir='ltr'><strong><em>εἶναι</em></strong></span> <span class='ocrx_word' id='word_1_152' title='bbox 1353 1122 1429 1161; x_wconf 87' lang='grc' dir='ltr'><strong>μοι</strong></span> <span class='ocrx_word' id='word_1_153' title='bbox 1457 1107 1585 1149; x_wconf 83' lang='grc' dir='ltr'><strong><em>δοκεῖ’.</em></strong></span> 
     </span>
     <span class='ocr_line' id='line_1_18' title="bbox 124 1168 1586 1231; baseline -0.001 -15"><span class='ocrx_word' id='word_1_154' title='bbox 124 1168 300 1230; x_wconf 70' lang='grc' dir='ltr'><strong><em>ὕστερον</em></strong></span> <span class='ocrx_word' id='word_1_155' title='bbox 315 1171 397 1231; x_wconf 76' lang='grc' dir='ltr'><strong>γὰρ</strong></span> <span class='ocrx_word' id='word_1_156' title='bbox 414 1173 518 1230; x_wconf 81' lang='grc' dir='ltr'><strong><em>ἡμῖν</em></strong></span> <span class='ocrx_word' id='word_1_157' title='bbox 535 1175 712 1229; x_wconf 79' lang='grc' dir='ltr'><strong><em>ἐξέσται,</em></strong></span> <span class='ocrx_word' id='word_1_158' title='bbox 731 1176 772 1218; x_wconf 80' lang='grc' dir='ltr'><strong>εἰ</strong></span> <span class='ocrx_word' id='word_1_159' title='bbox 785 1172 845 1231; x_wconf 74' lang='grc' dir='ltr'><strong>μὴ</strong></span> <span class='ocrx_word' id='word_1_160' title='bbox 871 1173 972 1226; x_wconf 81' lang='grc' dir='ltr'><strong><em>θεὸς</em></strong></span> <span class='ocrx_word' id='word_1_161' title='bbox 996 1174 1225 1226; x_wconf 77' lang='grc' dir='ltr'><strong><em>ἀπαλλάξει</em></strong></span> <span class='ocrx_word' id='word_1_162' title='bbox 1245 1174 1320 1230; x_wconf 80' lang='grc' dir='ltr'><strong><em>τῆς</em></strong></span> <span class='ocrx_word' id='word_1_163' title='bbox 1342 1173 1586 1230; x_wconf 85' lang='grc' dir='ltr'><strong><em>προσδοκω-</em></strong></span> 
     </span>
     <span class='ocr_line' id='line_1_19' title="bbox 127 1236 1586 1298; baseline -0.001 -15"><span class='ocrx_word' id='word_1_164' title='bbox 127 1241 257 1296; x_wconf 82' lang='grc' dir='ltr'><strong><em>μένης</em></strong></span> <span class='ocrx_word' id='word_1_165' title='bbox 293 1241 519 1298; x_wconf 78' lang='grc' dir='ltr'><strong><em>συμφορᾶς</em></strong></span> <span class='ocrx_word' id='word_1_166' title='bbox 574 1242 698 1284; x_wconf 80' lang='grc' dir='ltr'><strong><em>ἵλεων</em></strong></span> <span class='ocrx_word' id='word_1_167' title='bbox 741 1239 844 1298; x_wconf 84' lang='grc' dir='ltr'><strong><em>ἧμῖν</em></strong></span> <span class='ocrx_word' id='word_1_168' title='bbox 868 1236 1032 1284; x_wconf 66' lang='grc' dir='ltr'><strong><em>ἄνωθεν</em></strong></span> <span class='ocrx_word' id='word_1_169' title='bbox 1077 1239 1312 1295; x_wconf 78' lang='grc' dir='ltr'><strong><em>ἐπιβλέψας</em></strong></span> <span class='ocrx_word' id='word_1_170' title='bbox 1327 1271 1340 1294; x_wconf 88' lang='grc'><strong><em>,</em></strong></span> <span class='ocrx_word' id='word_1_171' title='bbox 1383 1238 1586 1295; x_wconf 73' lang='grc' dir='ltr'><strong><em>ὀδυρμῶν</em></strong></span> 
     </span>
     <span class='ocr_line' id='line_1_20' title="bbox 126 1303 1586 1365; baseline 0 -18"><span class='ocrx_word' id='word_1_172' title='bbox 126 1307 202 1347; x_wconf 73' lang='grc' dir='ltr'><strong><em>καὶ</em></strong></span> <span class='ocrx_word' id='word_1_173' title='bbox 228 1303 424 1365; x_wconf 61' lang='grc' dir='ltr'><strong><em>δακρτὲων</em></strong></span> <span class='ocrx_word' id='word_1_174' title='bbox 449 1305 799 1361; x_wconf 74' lang='grc' dir='ltr'><strong><em>ἀναπίμπλασθαι</em></strong></span> <span class='ocrx_word' id='word_1_175' title='bbox 837 1305 943 1349; x_wconf 78' lang='grc' dir='ltr'><strong><em>κατὰ</em></strong></span> <span class='ocrx_word' id='word_1_176' title='bbox 991 1307 1162 1362; x_wconf 82' lang='grc' dir='ltr'><strong><em>σχολήν·</em></strong></span> <span class='ocrx_word' id='word_1_177' title='bbox 1221 1304 1269 1348; x_wconf 87' lang='grc' dir='ltr'><strong>τὸ</strong></span> <span class='ocrx_word' id='word_1_178' title='bbox 1301 1307 1348 1349; x_wconf 82' lang='grc' dir='ltr'><strong><em>δὲ</em></strong></span> <span class='ocrx_word' id='word_1_179' title='bbox 1376 1305 1454 1348; x_wconf 75' lang='grc' dir='ltr'><strong>νῦν</strong></span> <span class='ocrx_word' id='word_1_180' title='bbox 1486 1303 1586 1359; x_wconf 75' lang='grc' dir='ltr'><strong><em>ἕχον</em></strong></span> 
     </span>
     <span class='ocr_line' id='line_1_21' title="bbox 125 1367 1586 1430; baseline 0 -18"><span class='ocrx_word' id='word_1_181' title='bbox 125 1367 243 1414; x_wconf 87' lang='grc' dir='ltr'><strong><em>εἶναι’</em></strong></span> <span class='ocrx_word' id='word_1_182' title='bbox 263 1386 341 1425; x_wconf 90' lang='grc' dir='ltr'><strong>μοι</strong></span> <span class='ocrx_word' id='word_1_183' title='bbox 365 1372 484 1414; x_wconf 82' lang='grc' dir='ltr'><strong><em>δοκεῖ’</em></strong></span> <span class='ocrx_word' id='word_1_184' title='bbox 501 1374 708 1430; x_wconf 83' lang='grc' dir='ltr'><strong><em>προσῆκον</em></strong></span> <span class='ocrx_word' id='word_1_185' title='bbox 724 1372 964 1430; x_wconf 72' lang='grc' dir='ltr'><strong><em>ἀσφάλειαν</em></strong></span> <span class='ocrx_word' id='word_1_186' title='bbox 991 1370 1254 1428; x_wconf 82' lang='grc' dir='ltr'><strong><em>ποιήσασθαι</em></strong></span> <span class='ocrx_word' id='word_1_187' title='bbox 1270 1373 1352 1414; x_wconf 79' lang='grc' dir='ltr'><strong><em>τῶν</em></strong></span> <span class='ocrx_word' id='word_1_188' title='bbox 1379 1371 1586 1425; x_wconf 87' lang='grc' dir='ltr'><strong><em>βασιλέως</em></strong></span> 
     </span>
    </p>

    <p class='ocr_par' dir='ltr' id='par_1_9' title="bbox 75 1434 1719 1693">
     <span class='ocr_line' id='line_1_22' title="bbox 75 1434 1586 1495; baseline -0.005 -11"><span class='ocrx_word' id='word_1_189' title='bbox 75 1438 308 1484; x_wconf 60' lang='lat' dir='ltr'><strong>annalem.</strong></span> <span class='ocrx_word' id='word_1_190' title='bbox 361 1436 548 1492; x_wconf 80' lang='grc' dir='ltr'><strong><em>μάλιστα</em></strong></span> <span class='ocrx_word' id='word_1_191' title='bbox 579 1440 660 1492; x_wconf 83' lang='grc' dir='ltr'><strong><em>μὲν</em></strong></span> <span class='ocrx_word' id='word_1_192' title='bbox 704 1437 785 1495; x_wconf 78' lang='grc' dir='ltr'><strong>γὰρ</strong></span> <span class='ocrx_word' id='word_1_193' title='bbox 826 1435 979 1481; x_wconf 82' lang='grc' dir='ltr'><strong><em>οὗδὲνα</em></strong></span> <span class='ocrx_word' id='word_1_194' title='bbox 1013 1439 1234 1492; x_wconf 86' lang='grc' dir='ltr'><strong><em>Ῥωμαίων</em></strong></span> <span class='ocrx_word' id='word_1_195' title='bbox 1270 1434 1586 1492; x_wconf 76' lang='grc' dir='ltr'><strong><em>ἐπιβουλεύσειν</em></strong></span> 
     </span>
     <span class='ocr_line' id='line_1_23' title="bbox 129 1500 1586 1560; baseline -0.003 -14"><span class='ocrx_word' id='word_1_196' title='bbox 129 1501 298 1546; x_wconf 83' lang='grc' dir='ltr'><strong><em>οἴεσθαι</em></strong></span> <span class='ocrx_word' id='word_1_197' title='bbox 349 1503 477 1560; x_wconf 76' lang='grc' dir='ltr'><strong><em>ἡμῖν,</em></strong></span> <span class='ocrx_word' id='word_1_198' title='bbox 513 1506 700 1559; x_wconf 85' lang='grc' dir='ltr'><strong><em>μάλιστα</em></strong></span> <span class='ocrx_word' id='word_1_199' title='bbox 747 1506 896 1557; x_wconf 78' lang='grc' dir='ltr'><strong><em>ζῶντος</em></strong></span> <span class='ocrx_word' id='word_1_200' title='bbox 937 1506 1045 1559; x_wconf 80' lang='grc' dir='ltr'><strong><em>ἐμοῦ</em></strong></span> <span class='ocrx_word' id='word_1_201' title='bbox 1081 1506 1156 1547; x_wconf 82' lang='grc' dir='ltr'>καί</span> <span class='ocrx_word' id='word_1_202' title='bbox 1190 1500 1394 1559; x_wconf 83' lang='grc' dir='ltr'><strong><em>παρόντος</em></strong></span> <span class='ocrx_word' id='word_1_203' title='bbox 1429 1500 1586 1544; x_wconf 74' lang='grc' dir='ltr'><strong><em>ἐνθάδε</em></strong></span> 
     </span>
     <span class='ocr_line' id='line_1_24' title="bbox 126 1564 1588 1627; baseline -0.004 -14"><span class='ocrx_word' id='word_1_204' title='bbox 126 1570 219 1613; x_wconf 73' lang='grc' dir='ltr'><strong><em>νῦν·</em></strong></span> <span class='ocrx_word' id='word_1_205' title='bbox 271 1571 313 1613; x_wconf 84' lang='grc' dir='ltr'><strong>εἶ</strong></span> <span class='ocrx_word' id='word_1_206' title='bbox 352 1571 392 1612; x_wconf 84' lang='grc' dir='ltr'><strong><em>δ’</em></strong></span> <span class='ocrx_word' id='word_1_207' title='bbox 427 1564 515 1627; x_wconf 75' lang='grc' dir='ltr'><strong><em>ἆρα</em></strong></span> <span class='ocrx_word' id='word_1_208' title='bbox 542 1572 617 1613; x_wconf 81' lang='grc' dir='ltr'>καί</span> <span class='ocrx_word' id='word_1_209' title='bbox 641 1573 827 1613; x_wconf 76' lang='grc' dir='ltr'><strong><em>τοιοῦτον</em></strong></span> <span class='ocrx_word' id='word_1_210' title='bbox 853 1569 1041 1627; x_wconf 83' lang='grc' dir='ltr'><strong><em>συμβαίη</em></strong></span> <span class='ocrx_word' id='word_1_211' title='bbox 1069 1585 1139 1624; x_wconf 88' lang='grc' dir='ltr'><strong><em>τι,</em></strong></span> <span class='ocrx_word' id='word_1_212' title='bbox 1177 1571 1341 1625; x_wconf 88' lang='grc' dir='ltr'><strong><em>βέλτιον</em></strong></span> <span class='ocrx_word' id='word_1_213' title='bbox 1381 1565 1480 1624; x_wconf 75' lang='grc' dir='ltr'><strong><em>περὶ</em></strong></span> <span class='ocrx_word' id='word_1_214' title='bbox 1504 1565 1588 1608; x_wconf 81' lang='grc' dir='ltr'><strong><em>σοῦ’</em></strong></span> 
     </span>
     <span class='ocr_line' id='line_1_25' title="bbox 126 1631 1719 1693; baseline 0 -18"><span class='ocrx_word' id='word_1_215' title='bbox 126 1632 263 1692; x_wconf 84' lang='grc' dir='ltr'><strong><em>μόνην</em></strong></span> <span class='ocrx_word' id='word_1_216' title='bbox 284 1631 400 1678; x_wconf 83' lang='grc' dir='ltr'><strong><em>εἶναι’</em></strong></span> <span class='ocrx_word' id='word_1_217' title='bbox 418 1650 494 1689; x_wconf 92' lang='grc' dir='ltr'><strong>μοι</strong></span> <span class='ocrx_word' id='word_1_218' title='bbox 516 1634 592 1692; x_wconf 79' lang='grc' dir='ltr'><strong><em>τὴν</em></strong></span> <span class='ocrx_word' id='word_1_219' title='bbox 612 1637 838 1693; x_wconf 86' lang='grc' dir='ltr'><strong><em>φροντίδα,</em></strong></span> <span class='ocrx_word' id='word_1_220' title='bbox 866 1638 940 1679; x_wconf 82' lang='grc' dir='ltr'>καί</span> <span class='ocrx_word' id='word_1_221' title='bbox 975 1634 1035 1693; x_wconf 77' lang='grc' dir='ltr'><strong>μὴ</strong></span> <span class='ocrx_word' id='word_1_222' title='bbox 1064 1635 1231 1679; x_wconf 80' lang='grc' dir='ltr'><strong><em>πάντων</em></strong></span> <span class='ocrx_word' id='word_1_223' title='bbox 1253 1631 1362 1690; x_wconf 83' lang='grc' dir='ltr'><strong>ὅμοῦ</strong></span> <span class='ocrx_word' id='word_1_224' title='bbox 1388 1631 1462 1676; x_wconf 77' lang='grc' dir='ltr'><strong><em>καὶ</em></strong></span> <span class='ocrx_word' id='word_1_225' title='bbox 1485 1631 1586 1675; x_wconf 85' lang='grc' dir='ltr'><strong><em>παί-</em></strong></span> <span class='ocrx_word' id='word_1_226' title='bbox 1599 1646 1719 1690; x_wconf 77' lang='grc' dir='ltr'><strong><em>Ρ,339</em></strong></span> 
     </span>
    </p>
   </div>
   <div class='ocr_carea' id='block_1_4' title="bbox 226 1737 715 1785">
    <p class='ocr_par' dir='ltr' id='par_1_10' title="bbox 226 1737 715 1785">
     <span class='ocr_line' id='line_1_26' title="bbox 226 1737 715 1785; baseline 0.004 -13"><span class='ocrx_word' id='word_1_227' title='bbox 226 1748 282 1782; x_wconf 86' lang='lat'><strong>¹9·</strong></span> <span class='ocrx_word' id='word_1_228' title='bbox 306 1737 491 1782; x_wconf 81' lang='grc' dir='ltr'><strong><em>βασιλέων</em></strong></span> <span class='ocrx_word' id='word_1_229' title='bbox 512 1738 715 1785; x_wconf 77' lang='lat' dir='ltr'><strong>legebatur.</strong></span> 
     </span>
    </p>
   </div>
   <div class='ocr_carea' id='block_1_5' title="bbox 127 1816 1587 2713">
    <p class='ocr_par' dir='ltr' id='par_1_11' title="bbox 127 1816 1587 2713">
     <span class='ocr_line' id='line_1_27' title="bbox 131 1816 1584 1868; baseline -0.008 -7"><span class='ocrx_word' id='word_1_230' title='bbox 131 1831 185 1866; x_wconf 82' lang='lat' dir='ltr'><strong>te,</strong></span> <span class='ocrx_word' id='word_1_231' title='bbox 211 1824 342 1864; x_wconf 84' lang='lat' dir='ltr'><strong>Cessa,</strong></span> <span class='ocrx_word' id='word_1_232' title='bbox 365 1821 506 1868; x_wconf 83' lang='lat' dir='ltr'><strong>inquit:</strong></span> <span class='ocrx_word' id='word_1_233' title='bbox 535 1821 599 1868; x_wconf 90' lang='lat' dir='ltr'><strong>qui</strong></span> <span class='ocrx_word' id='word_1_234' title='bbox 624 1821 723 1855; x_wconf 90' lang='lat' dir='ltr'><strong>enim</strong></span> <span class='ocrx_word' id='word_1_235' title='bbox 747 1821 865 1856; x_wconf 84' lang='lat' dir='ltr'><strong>amico</strong></span> <span class='ocrx_word' id='word_1_236' title='bbox 891 1824 1034 1854; x_wconf 82' lang='lat' dir='ltr'><strong>mortuo</strong></span> <span class='ocrx_word' id='word_1_237' title='bbox 1063 1818 1160 1865; x_wconf 87' lang='lat' dir='ltr'><strong>leges</strong></span> <span class='ocrx_word' id='word_1_238' title='bbox 1194 1816 1376 1852; x_wconf 79' lang='lat' dir='ltr'><strong>amicitiae</strong></span> <span class='ocrx_word' id='word_1_239' title='bbox 1402 1826 1479 1850; x_wconf 84' lang='lat' dir='ltr'><strong>non</strong></span> <span class='ocrx_word' id='word_1_240' title='bbox 1502 1825 1584 1850; x_wconf 81' lang='lat' dir='ltr'><strong>ser-</strong></span> 
     </span>
     <span class='ocr_line' id='line_1_28' title="bbox 130 1864 1584 1914; baseline -0.009 -6"><span class='ocrx_word' id='word_1_241' title='bbox 130 1879 212 1914; x_wconf 77' lang='lat' dir='ltr'><strong>vat,</strong></span> <span class='ocrx_word' id='word_1_242' title='bbox 237 1870 302 1906; x_wconf 84' lang='lat' dir='ltr'><strong>hic</strong></span> <span class='ocrx_word' id='word_1_243' title='bbox 340 1879 409 1903; x_wconf 87' lang='lat' dir='ltr'><strong>nec</strong></span> <span class='ocrx_word' id='word_1_244' title='bbox 434 1869 515 1903; x_wconf 86' lang='lat' dir='ltr'><strong>vivo</strong></span> <span class='ocrx_word' id='word_1_245' title='bbox 537 1879 621 1903; x_wconf 85' lang='lat' dir='ltr'><strong>vere</strong></span> <span class='ocrx_word' id='word_1_246' title='bbox 649 1869 784 1902; x_wconf 88' lang='lat' dir='ltr'><strong>amicus</strong></span> <span class='ocrx_word' id='word_1_247' title='bbox 808 1872 895 1903; x_wconf 83' lang='lat' dir='ltr'><strong>erat.</strong></span> <span class='ocrx_word' id='word_1_248' title='bbox 944 1867 1006 1902; x_wconf 88' lang='lat' dir='ltr'><strong>Sic</strong></span> <span class='ocrx_word' id='word_1_249' title='bbox 1031 1866 1269 1912; x_wconf 80' lang='lat' dir='ltr'><strong>Apocauchus</strong></span> <span class='ocrx_word' id='word_1_250' title='bbox 1304 1864 1480 1910; x_wconf 81' lang='lat' dir='ltr'><strong>gravitate</strong></span> <span class='ocrx_word' id='word_1_251' title='bbox 1523 1872 1584 1896; x_wconf 88' lang='lat' dir='ltr'><strong>re·-</strong></span> 
     </span>
     <span class='ocr_line' id='line_1_29' title="bbox 127 1909 1584 1966; baseline -0.009 -11"><span class='ocrx_word' id='word_1_252' title='bbox 127 1919 253 1966; x_wconf 71' lang='lat' dir='ltr'><strong>aponsi</strong></span> <span class='ocrx_word' id='word_1_253' title='bbox 277 1916 492 1958; x_wconf 79' lang='lat' dir='ltr'><strong>deterritus,</strong></span> <span class='ocrx_word' id='word_1_254' title='bbox 506 1926 635 1961; x_wconf 89' lang='lat' dir='ltr'><strong>magno</strong></span> <span class='ocrx_word' id='word_1_255' title='bbox 662 1915 860 1949; x_wconf 86' lang='lat' dir='ltr'><strong>domestico</strong></span> <span class='ocrx_word' id='word_1_256' title='bbox 885 1915 1058 1948; x_wconf 87' lang='lat' dir='ltr'><strong>molestus</strong></span> <span class='ocrx_word' id='word_1_257' title='bbox 1077 1923 1154 1948; x_wconf 86' lang='lat' dir='ltr'><strong>esse</strong></span> <span class='ocrx_word' id='word_1_258' title='bbox 1176 1912 1298 1946; x_wconf 75' lang='lat' dir='ltr'><strong>desiit.</strong></span> <span class='ocrx_word' id='word_1_259' title='bbox 1345 1909 1418 1945; x_wconf 76' lang='lat' dir='ltr'><strong>Sed</strong></span> <span class='ocrx_word' id='word_1_260' title='bbox 1431 1913 1584 1943; x_wconf 84' lang='lat' dir='ltr'><strong>matrem</strong></span> 
     </span>
     <span class='ocr_line' id='line_1_30' title="bbox 129 1956 1583 2007; baseline -0.009 -5"><span class='ocrx_word' id='word_1_261' title='bbox 129 1968 210 2005; x_wconf 79' lang='lat' dir='ltr'><strong>eius</strong></span> <span class='ocrx_word' id='word_1_262' title='bbox 234 1964 476 2004; x_wconf 80' lang='lat' dir='ltr'><strong>conveniens,</strong></span> <span class='ocrx_word' id='word_1_263' title='bbox 492 1962 590 1997; x_wconf 89' lang='lat' dir='ltr'><strong>idem</strong></span> <span class='ocrx_word' id='word_1_264' title='bbox 615 1962 673 1996; x_wconf 91' lang='lat' dir='ltr'><strong>illi</strong></span> <span class='ocrx_word' id='word_1_265' title='bbox 691 1961 908 2007; x_wconf 82' lang='lat' dir='ltr'><strong>persuadere</strong></span> <span class='ocrx_word' id='word_1_266' title='bbox 937 1960 1149 2001; x_wconf 85' lang='lat' dir='ltr'><strong>nitebatur,</strong></span> <span class='ocrx_word' id='word_1_267' title='bbox 1172 1964 1291 2000; x_wconf 87' lang='lat' dir='ltr'><strong>ratus,</strong></span> <span class='ocrx_word' id='word_1_268' title='bbox 1325 1958 1357 1992; x_wconf 86' lang='lat' dir='ltr'><strong>si</strong></span> <span class='ocrx_word' id='word_1_269' title='bbox 1388 1956 1427 1991; x_wconf 84' lang='lat' dir='ltr'><strong>id</strong></span> <span class='ocrx_word' id='word_1_270' title='bbox 1452 1966 1583 1990; x_wconf 84' lang='lat' dir='ltr'><strong>conse-</strong></span> 
     </span>
     <span class='ocr_line' id='line_1_31' title="bbox 130 2002 1582 2061; baseline -0.008 -13"><span class='ocrx_word' id='word_1_271' title='bbox 130 2018 326 2061; x_wconf 78' lang='lat' dir='ltr'><strong>queretur,</strong></span> <span class='ocrx_word' id='word_1_272' title='bbox 351 2009 452 2057; x_wconf 89' lang='lat' dir='ltr'><strong>quod</strong></span> <span class='ocrx_word' id='word_1_273' title='bbox 477 2010 677 2044; x_wconf 75' lang='lat' dir='ltr'><strong>studuisset</strong></span> <span class='ocrx_word' id='word_1_274' title='bbox 711 2009 913 2055; x_wconf 85' lang='lat' dir='ltr'><strong>perfectum</strong></span> <span class='ocrx_word' id='word_1_275' title='bbox 950 2007 1177 2041; x_wconf 83' lang='lat' dir='ltr'><strong>habiturum:</strong></span> <span class='ocrx_word' id='word_1_276' title='bbox 1216 2016 1291 2040; x_wconf 91' lang='lat' dir='ltr'><strong>non</strong></span> <span class='ocrx_word' id='word_1_277' title='bbox 1327 2005 1425 2039; x_wconf 90' lang='lat' dir='ltr'><strong>enim</strong></span> <span class='ocrx_word' id='word_1_278' title='bbox 1464 2002 1582 2036; x_wconf 84' lang='lat' dir='ltr'><strong>filium</strong></span> 
     </span>
     <span class='ocr_line' id='line_1_32' title="bbox 129 2051 1580 2103; baseline -0.009 -7"><span class='ocrx_word' id='word_1_279' title='bbox 129 2060 240 2096; x_wconf 79' lang='lat' dir='ltr'><strong>matri</strong></span> <span class='ocrx_word' id='word_1_280' title='bbox 285 2056 620 2098; x_wconf 82' lang='lat' dir='ltr'><strong>contradicturum,</strong></span> <span class='ocrx_word' id='word_1_281' title='bbox 645 2057 676 2090; x_wconf 90' lang='lat' dir='ltr'><strong>si</strong></span> <span class='ocrx_word' id='word_1_282' title='bbox 703 2056 792 2103; x_wconf 87' lang='lat' dir='ltr'><strong>quid</strong></span> <span class='ocrx_word' id='word_1_283' title='bbox 819 2056 884 2089; x_wconf 85' lang='lat' dir='ltr'><strong>illa</strong></span> <span class='ocrx_word' id='word_1_284' title='bbox 911 2059 953 2088; x_wconf 91' lang='lat' dir='ltr'><strong>ut</strong></span> <span class='ocrx_word' id='word_1_285' title='bbox 978 2055 1069 2088; x_wconf 90' lang='lat' dir='ltr'><strong>utile</strong></span> <span class='ocrx_word' id='word_1_286' title='bbox 1103 2060 1141 2087; x_wconf 90' lang='lat' dir='ltr'><strong>et</strong></span> <span class='ocrx_word' id='word_1_287' title='bbox 1171 2054 1305 2086; x_wconf 88' lang='lat' dir='ltr'><strong>iustum</strong></span> <span class='ocrx_word' id='word_1_288' title='bbox 1343 2051 1580 2095; x_wconf 82' lang='lat' dir='ltr'><strong>probavisset.</strong></span> 
     </span>
     <span class='ocr_line' id='line_1_33' title="bbox 129 2097 1582 2154; baseline -0.009 -12"><span class='ocrx_word' id='word_1_289' title='bbox 129 2108 325 2154; x_wconf 80' lang='lat' dir='ltr'><strong>Postquam</strong></span> <span class='ocrx_word' id='word_1_290' title='bbox 347 2104 393 2138; x_wconf 87' lang='lat' dir='ltr'><strong>ab</strong></span> <span class='ocrx_word' id='word_1_291' title='bbox 417 2105 483 2138; x_wconf 87' lang='lat' dir='ltr'><strong>illa</strong></span> <span class='ocrx_word' id='word_1_292' title='bbox 497 2105 615 2139; x_wconf 90' lang='lat' dir='ltr'><strong>simile</strong></span> <span class='ocrx_word' id='word_1_293' title='bbox 643 2104 701 2137; x_wconf 90' lang='lat' dir='ltr'><strong>vel</strong></span> <span class='ocrx_word' id='word_1_294' title='bbox 715 2104 825 2137; x_wconf 85' lang='lat' dir='ltr'><strong>etiam</strong></span> <span class='ocrx_word' id='word_1_295' title='bbox 849 2103 1006 2136; x_wconf 85' lang='lat' dir='ltr'><strong>severius</strong></span> <span class='ocrx_word' id='word_1_296' title='bbox 1040 2111 1251 2145; x_wconf 85' lang='lat' dir='ltr'><strong>responsum</strong></span> <span class='ocrx_word' id='word_1_297' title='bbox 1270 2099 1358 2133; x_wconf 89' lang='lat' dir='ltr'><strong>tulit</strong></span> <span class='ocrx_word' id='word_1_298' title='bbox 1372 2124 1383 2140; x_wconf 90' lang='lat'><strong>,</strong></span> <span class='ocrx_word' id='word_1_299' title='bbox 1427 2097 1582 2130; x_wconf 86' lang='lat' dir='ltr'><strong>iubente</strong></span> 
     </span>
     <span class='ocr_line' id='line_1_34' title="bbox 129 2144 1581 2198; baseline -0.008 -10"><span class='ocrx_word' id='word_1_300' title='bbox 129 2165 179 2188; x_wconf 87' lang='lat' dir='ltr'><strong>ne</strong></span> <span class='ocrx_word' id='word_1_301' title='bbox 203 2154 292 2187; x_wconf 87' lang='lat' dir='ltr'><strong>talia</strong></span> <span class='ocrx_word' id='word_1_302' title='bbox 315 2150 509 2194; x_wconf 87' lang='lat' dir='ltr'><strong>suaderet,</strong></span> <span class='ocrx_word' id='word_1_303' title='bbox 534 2162 627 2198; x_wconf 84' lang='lat' dir='ltr'><strong>quae</strong></span> <span class='ocrx_word' id='word_1_304' title='bbox 652 2151 772 2185; x_wconf 84' lang='lat' dir='ltr'><strong>facere</strong></span> <span class='ocrx_word' id='word_1_305' title='bbox 816 2150 892 2183; x_wconf 89' lang='lat' dir='ltr'><strong>filio</strong></span> <span class='ocrx_word' id='word_1_306' title='bbox 935 2160 1011 2182; x_wconf 91' lang='lat' dir='ltr'><strong>non</strong></span> <span class='ocrx_word' id='word_1_307' title='bbox 1043 2146 1279 2188; x_wconf 83' lang='lat' dir='ltr'><strong>conduceret,</strong></span> <span class='ocrx_word' id='word_1_308' title='bbox 1313 2157 1334 2179; x_wconf 88' lang='lat' dir='ltr'><strong>a</strong></span> <span class='ocrx_word' id='word_1_309' title='bbox 1371 2144 1581 2179; x_wconf 81' lang='lat' dir='ltr'><strong>tentatione</strong></span> 
     </span>
     <span class='ocr_line' id='line_1_35' title="bbox 133 2189 1580 2247; baseline -0.008 -12"><span class='ocrx_word' id='word_1_310' title='bbox 133 2211 280 2247; x_wconf 84' lang='lat' dir='ltr'><strong>prorsus</strong></span> <span class='ocrx_word' id='word_1_311' title='bbox 303 2197 491 2233; x_wconf 80' lang='lat' dir='ltr'><strong>abstinuit.</strong></span> <span class='ocrx_word' id='word_1_312' title='bbox 537 2198 687 2244; x_wconf 84' lang='lat' dir='ltr'><strong>Magnus</strong></span> <span class='ocrx_word' id='word_1_313' title='bbox 712 2208 818 2243; x_wconf 87' lang='lat' dir='ltr'><strong>porro</strong></span> <span class='ocrx_word' id='word_1_314' title='bbox 845 2197 1060 2231; x_wconf 88' lang='lat' dir='ltr'><strong>domesticus</strong></span> <span class='ocrx_word' id='word_1_315' title='bbox 1092 2195 1345 2239; x_wconf 82' lang='lat' dir='ltr'><strong>imperatorem</strong></span> <span class='ocrx_word' id='word_1_316' title='bbox 1374 2192 1448 2225; x_wconf 86' lang='lat' dir='ltr'><strong>iam</strong></span> <span class='ocrx_word' id='word_1_317' title='bbox 1477 2189 1580 2224; x_wconf 86' lang='lat' dir='ltr'><strong>letho</strong></span> 
     </span>
     <span class='ocr_line' id='line_1_36' title="bbox 133 2237 1579 2295; baseline -0.008 -14"><span class='ocrx_word' id='word_1_318' title='bbox 133 2247 340 2295; x_wconf 83' lang='lat' dir='ltr'><strong>proximum</strong></span> <span class='ocrx_word' id='word_1_319' title='bbox 365 2256 514 2279; x_wconf 87' lang='lat' dir='ltr'><strong>cernens</strong></span> <span class='ocrx_word' id='word_1_320' title='bbox 546 2251 582 2279; x_wconf 91' lang='lat' dir='ltr'><strong>et</strong></span> <span class='ocrx_word' id='word_1_321' title='bbox 612 2244 877 2291; x_wconf 88' lang='lat' dir='ltr'><strong>providendum</strong></span> <span class='ocrx_word' id='word_1_322' title='bbox 905 2245 1060 2276; x_wconf 80' lang='lat' dir='ltr'><strong>maxime</strong></span> <span class='ocrx_word' id='word_1_323' title='bbox 1083 2242 1160 2274; x_wconf 87' lang='lat' dir='ltr'><strong>eius</strong></span> <span class='ocrx_word' id='word_1_324' title='bbox 1184 2240 1311 2274; x_wconf 83' lang='lat' dir='ltr'><strong>liberis</strong></span> <span class='ocrx_word' id='word_1_325' title='bbox 1348 2244 1386 2273; x_wconf 85' lang='lat' dir='ltr'><strong>et</strong></span> <span class='ocrx_word' id='word_1_326' title='bbox 1421 2237 1579 2283; x_wconf 85' lang='lat' dir='ltr'><strong>imperio</strong></span> 
     </span>
     <span class='ocr_line' id='line_1_37' title="bbox 134 2285 1578 2339; baseline -0.008 -11"><span class='ocrx_word' id='word_1_327' title='bbox 134 2293 344 2339; x_wconf 81' lang='lat' dir='ltr'><strong>intelligens</strong></span> <span class='ocrx_word' id='word_1_328' title='bbox 360 2317 370 2334; x_wconf 93' lang='lat'>‚</span> <span class='ocrx_word' id='word_1_329' title='bbox 393 2291 439 2325; x_wconf 83' lang='lat' dir='ltr'><strong>ad</strong></span> <span class='ocrx_word' id='word_1_330' title='bbox 462 2292 602 2326; x_wconf 81' lang='lat' dir='ltr'><strong>Annam</strong></span> <span class='ocrx_word' id='word_1_331' title='bbox 620 2293 812 2337; x_wconf 84' lang='lat' dir='ltr'><strong>Augustam</strong></span> <span class='ocrx_word' id='word_1_332' title='bbox 841 2291 988 2324; x_wconf 85' lang='lat' dir='ltr'><strong>flentem</strong></span> <span class='ocrx_word' id='word_1_333' title='bbox 1012 2301 1053 2323; x_wconf 89' lang='lat' dir='ltr'><strong>ac</strong></span> <span class='ocrx_word' id='word_1_334' title='bbox 1084 2288 1343 2322; x_wconf 79' lang='lat' dir='ltr'><strong>lamentantem</strong></span> <span class='ocrx_word' id='word_1_335' title='bbox 1380 2285 1578 2324; x_wconf 81' lang='lat' dir='ltr'><strong>accedens,</strong></span> 
     </span>
     <span class='ocr_line' id='line_1_38' title="bbox 132 2329 1580 2381; baseline -0.008 -7"><span class='ocrx_word' id='word_1_336' title='bbox 132 2341 218 2375; x_wconf 80' lang='lat' dir='ltr'><strong>Non</strong></span> <span class='ocrx_word' id='word_1_337' title='bbox 236 2339 327 2373; x_wconf 84' lang='lat' dir='ltr'><strong>mihi</strong></span> <span class='ocrx_word' id='word_1_338' title='bbox 347 2340 418 2372; x_wconf 87' lang='lat' dir='ltr'><strong>iam</strong></span> <span class='ocrx_word' id='word_1_339' title='bbox 435 2339 552 2372; x_wconf 89' lang='lat' dir='ltr'><strong>luctus</strong></span> <span class='ocrx_word' id='word_1_340' title='bbox 581 2344 618 2372; x_wconf 90' lang='lat' dir='ltr'><strong>et</strong></span> <span class='ocrx_word' id='word_1_341' title='bbox 641 2339 867 2372; x_wconf 88' lang='lat' dir='ltr'><strong>lacrimarum</strong></span> <span class='ocrx_word' id='word_1_342' title='bbox 893 2343 1033 2381; x_wconf 86' lang='lat' dir='ltr'><strong>tempus</strong></span> <span class='ocrx_word' id='word_1_343' title='bbox 1069 2334 1234 2375; x_wconf 79' lang='lat' dir='ltr'><strong>videtur,</strong></span> <span class='ocrx_word' id='word_1_344' title='bbox 1275 2333 1419 2380; x_wconf 88' lang='lat' dir='ltr'><strong>inquit:</strong></span> <span class='ocrx_word' id='word_1_345' title='bbox 1459 2329 1580 2365; x_wconf 79' lang='lat' dir='ltr'><strong>adhuc</strong></span> 
     </span>
     <span class='ocr_line' id='line_1_39' title="bbox 135 2381 1583 2430; baseline -0.008 -9"><span class='ocrx_word' id='word_1_346' title='bbox 135 2387 234 2421; x_wconf 89' lang='lat' dir='ltr'><strong>enim</strong></span> <span class='ocrx_word' id='word_1_347' title='bbox 252 2386 401 2427; x_wconf 87' lang='lat' dir='ltr'><strong>licebit,</strong></span> <span class='ocrx_word' id='word_1_348' title='bbox 425 2386 496 2419; x_wconf 88' lang='lat' dir='ltr'><strong>nisi</strong></span> <span class='ocrx_word' id='word_1_349' title='bbox 520 2387 617 2419; x_wconf 83' lang='lat' dir='ltr'><strong>Deus</strong></span> <span class='ocrx_word' id='word_1_350' title='bbox 639 2386 684 2418; x_wconf 87' lang='lat' dir='ltr'><strong>ab</strong></span> <span class='ocrx_word' id='word_1_351' title='bbox 700 2385 934 2430; x_wconf 87' lang='lat' dir='ltr'><strong>impendente</strong></span> <span class='ocrx_word' id='word_1_352' title='bbox 950 2383 1152 2417; x_wconf 81' lang='lat' dir='ltr'><strong>calamitate</strong></span> <span class='ocrx_word' id='word_1_353' title='bbox 1167 2393 1233 2414; x_wconf 88' lang='lat' dir='ltr'><strong>nos</strong></span> <span class='ocrx_word' id='word_1_354' title='bbox 1256 2381 1390 2414; x_wconf 86' lang='lat' dir='ltr'><strong>liberet</strong></span> <span class='ocrx_word' id='word_1_355' title='bbox 1415 2389 1457 2412; x_wconf 86' lang='lat' dir='ltr'><strong>ac</strong></span> <span class='ocrx_word' id='word_1_356' title='bbox 1492 2387 1583 2423; x_wconf 87' lang='lat' dir='ltr'><strong>pro-</strong></span> 
     </span>
     <span class='ocr_line' id='line_1_40' title="bbox 134 2425 1583 2480; baseline -0.008 -12"><span class='ocrx_word' id='word_1_357' title='bbox 134 2435 248 2480; x_wconf 85' lang='lat' dir='ltr'><strong>pitius</strong></span> <span class='ocrx_word' id='word_1_358' title='bbox 276 2432 322 2467; x_wconf 86' lang='lat' dir='ltr'><strong>‹le</strong></span> <span class='ocrx_word' id='word_1_359' title='bbox 347 2433 445 2467; x_wconf 84' lang='lat' dir='ltr'><strong>caelo</strong></span> <span class='ocrx_word' id='word_1_360' title='bbox 464 2432 652 2477; x_wconf 84' lang='lat' dir='ltr'><strong>respiciat,</strong></span> <span class='ocrx_word' id='word_1_361' title='bbox 679 2433 877 2466; x_wconf 84' lang='lat' dir='ltr'><strong>eiulatibus</strong></span> <span class='ocrx_word' id='word_1_362' title='bbox 898 2436 935 2464; x_wconf 90' lang='lat' dir='ltr'><strong>et</strong></span> <span class='ocrx_word' id='word_1_363' title='bbox 953 2429 1154 2476; x_wconf 85' lang='lat' dir='ltr'><strong>ploratibus</strong></span> <span class='ocrx_word' id='word_1_364' title='bbox 1178 2428 1263 2461; x_wconf 87' lang='lat' dir='ltr'><strong>satis</strong></span> <span class='ocrx_word' id='word_1_365' title='bbox 1289 2426 1353 2460; x_wconf 85' lang='lat' dir='ltr'><strong>diu</strong></span> <span class='ocrx_word' id='word_1_366' title='bbox 1378 2425 1583 2468; x_wconf 86' lang='lat' dir='ltr'><strong>indulgere.</strong></span> 
     </span>
     <span class='ocr_line' id='line_1_41' title="bbox 135 2472 1582 2526; baseline -0.008 -12"><span class='ocrx_word' id='word_1_367' title='bbox 135 2481 180 2514; x_wconf 85' lang='lat' dir='ltr'><strong>In</strong></span> <span class='ocrx_word' id='word_1_368' title='bbox 197 2491 364 2526; x_wconf 86' lang='lat' dir='ltr'><strong>praesens</strong></span> <span class='ocrx_word' id='word_1_369' title='bbox 391 2491 546 2526; x_wconf 88' lang='lat' dir='ltr'><strong>aequum</strong></span> <span class='ocrx_word' id='word_1_370' title='bbox 590 2478 739 2520; x_wconf 87' lang='lat' dir='ltr'><strong>iudico,</strong></span> <span class='ocrx_word' id='word_1_371' title='bbox 772 2490 905 2525; x_wconf 87' lang='lat' dir='ltr'><strong>pueros</strong></span> <span class='ocrx_word' id='word_1_372' title='bbox 935 2478 1170 2523; x_wconf 84' lang='lat' dir='ltr'><strong>imperatores</strong></span> <span class='ocrx_word' id='word_1_373' title='bbox 1210 2476 1249 2508; x_wconf 89' lang='lat' dir='ltr'><strong>in</strong></span> <span class='ocrx_word' id='word_1_374' title='bbox 1282 2478 1363 2507; x_wconf 84' lang='lat' dir='ltr'><strong>tuto</strong></span> <span class='ocrx_word' id='word_1_375' title='bbox 1391 2472 1582 2506; x_wconf 86' lang='lat' dir='ltr'><strong>collocare.</strong></span> 
     </span>
     <span class='ocr_line' id='line_1_42' title="bbox 132 2516 1585 2574; baseline -0.009 -12"><span class='ocrx_word' id='word_1_376' title='bbox 132 2527 196 2562; x_wconf 81' lang='lat' dir='ltr'><strong>Me</strong></span> <span class='ocrx_word' id='word_1_377' title='bbox 216 2526 364 2574; x_wconf 85' lang='lat' dir='ltr'><strong>quidem</strong></span> <span class='ocrx_word' id='word_1_378' title='bbox 390 2528 470 2560; x_wconf 88' lang='lat' dir='ltr'><strong>vivo</strong></span> <span class='ocrx_word' id='word_1_379' title='bbox 499 2525 615 2560; x_wconf 88' lang='lat' dir='ltr'><strong>ethic</strong></span> <span class='ocrx_word' id='word_1_380' title='bbox 644 2538 742 2560; x_wconf 87' lang='lat' dir='ltr'><strong>nunc</strong></span> <span class='ocrx_word' id='word_1_381' title='bbox 761 2530 976 2572; x_wconf 83' lang='lat' dir='ltr'><strong>praesente,</strong></span> <span class='ocrx_word' id='word_1_382' title='bbox 1001 2523 1182 2557; x_wconf 87' lang='lat' dir='ltr'><strong>neminem</strong></span> <span class='ocrx_word' id='word_1_383' title='bbox 1209 2523 1448 2556; x_wconf 80' lang='lat' dir='ltr'><strong>Romanorum</strong></span> <span class='ocrx_word' id='word_1_384' title='bbox 1474 2516 1585 2552; x_wconf 85' lang='lat' dir='ltr'><strong>nobis</strong></span> 
     </span>
     <span class='ocr_line' id='line_1_43' title="bbox 134 2562 1587 2619; baseline -0.005 -12"><span class='ocrx_word' id='word_1_385' title='bbox 134 2573 389 2607; x_wconf 81' lang='lat' dir='ltr'><strong>insidiaturum</strong></span> <span class='ocrx_word' id='word_1_386' title='bbox 413 2572 614 2619; x_wconf 83' lang='lat' dir='ltr'><strong>putandum</strong></span> <span class='ocrx_word' id='word_1_387' title='bbox 635 2578 697 2606; x_wconf 83' lang='lat' dir='ltr'><strong>est.</strong></span> <span class='ocrx_word' id='word_1_388' title='bbox 749 2573 814 2607; x_wconf 88' lang='lat' dir='ltr'><strong>Sin</strong></span> <span class='ocrx_word' id='word_1_389' title='bbox 837 2571 980 2618; x_wconf 86' lang='lat' dir='ltr'><strong>aliquid</strong></span> <span class='ocrx_word' id='word_1_390' title='bbox 1012 2568 1220 2604; x_wconf 85' lang='lat' dir='ltr'><strong>huiusmodi</strong></span> <span class='ocrx_word' id='word_1_391' title='bbox 1249 2567 1468 2612; x_wconf 85' lang='lat' dir='ltr'><strong>contigerit,</strong></span> <span class='ocrx_word' id='word_1_392' title='bbox 1493 2562 1587 2610; x_wconf 82' lang='lat' dir='ltr'><strong>quid</strong></span> 
     </span>
     <span class='ocr_line' id='line_1_44' title="bbox 134 2613 1584 2666; baseline -0.007 -12"><span class='ocrx_word' id='word_1_393' title='bbox 134 2620 415 2666; x_wconf 81' lang='lat' dir='ltr'><strong>praestabilius,</strong></span> <span class='ocrx_word' id='word_1_394' title='bbox 439 2625 475 2654; x_wconf 86' lang='lat' dir='ltr'><strong>te</strong></span> <span class='ocrx_word' id='word_1_395' title='bbox 496 2621 609 2654; x_wconf 86' lang='lat' dir='ltr'><strong>solam</strong></span> <span class='ocrx_word' id='word_1_396' title='bbox 630 2619 721 2654; x_wconf 80' lang='lat' dir='ltr'><strong>mihi</strong></span> <span class='ocrx_word' id='word_1_397' title='bbox 738 2631 842 2654; x_wconf 86' lang='lat' dir='ltr'><strong>curae</strong></span> <span class='ocrx_word' id='word_1_398' title='bbox 867 2629 965 2661; x_wconf 82' lang='lat' dir='ltr'><strong>esse,</strong></span> <span class='ocrx_word' id='word_1_399' title='bbox 993 2628 1040 2651; x_wconf 88' lang='lat' dir='ltr'><strong>an</strong></span> <span class='ocrx_word' id='word_1_400' title='bbox 1065 2618 1185 2650; x_wconf 82' lang='lat' dir='ltr'><strong>omnia</strong></span> <span class='ocrx_word' id='word_1_401' title='bbox 1203 2615 1331 2655; x_wconf 87' lang='lat' dir='ltr'><strong>simul,</strong></span> <span class='ocrx_word' id='word_1_402' title='bbox 1354 2619 1413 2655; x_wconf 85' lang='lat' dir='ltr'><strong>te,</strong></span> <span class='ocrx_word' id='word_1_403' title='bbox 1427 2613 1584 2659; x_wconf 84' lang='lat' dir='ltr'><strong>inquam</strong></span> 
     </span>
     <span class='ocr_line' id='line_1_45' title="bbox 134 2653 1587 2713; baseline -0.004 -12"><span class='ocrx_word' id='word_1_404' title='bbox 134 2671 174 2702; x_wconf 85' lang='lat' dir='ltr'><strong>et</strong></span> <span class='ocrx_word' id='word_1_405' title='bbox 195 2667 290 2702; x_wconf 76' lang='lat' dir='ltr'><strong>tilios</strong></span> <span class='ocrx_word' id='word_1_406' title='bbox 314 2673 352 2703; x_wconf 84' lang='lat' dir='ltr'><strong>et</strong></span> <span class='ocrx_word' id='word_1_407' title='bbox 378 2667 580 2713; x_wconf 86' lang='lat' dir='ltr'><strong>imperium.</strong></span> <span class='ocrx_word' id='word_1_408' title='bbox 629 2668 724 2703; x_wconf 87' lang='lat' dir='ltr'><strong>Tum</strong></span> <span class='ocrx_word' id='word_1_409' title='bbox 755 2667 936 2713; x_wconf 82' lang='lat' dir='ltr'><strong>Augusta,</strong></span> <span class='ocrx_word' id='word_1_410' title='bbox 979 2664 1067 2699; x_wconf 84' lang='lat' dir='ltr'><strong>-sibi</strong></span> <span class='ocrx_word' id='word_1_411' title='bbox 1099 2665 1228 2699; x_wconf 83' lang='lat' dir='ltr'><strong>mirum</strong></span> <span class='ocrx_word' id='word_1_412' title='bbox 1255 2661 1444 2703; x_wconf 84' lang='lat' dir='ltr'><strong>accidere,</strong></span> <span class='ocrx_word' id='word_1_413' title='bbox 1486 2653 1587 2705; x_wconf 74' lang='lat' dir='ltr'><strong>quod</strong></span> 
     </span>
    </p>
   </div>
  </div>
 </body>
</html>
