1786 3126
615 85 992 131 msromARUM
1033 88 1067 129 1.
1109 93 1148 134 2.
1414 95 1415 98 ¹
1540 82 1607 140 ¹9

158 194 388 255 μαρτυρεῖ·
422 182 514 231 ἀλλ’
550 187 590 231 εἰ
617 187 679 244 μὴ
710 187 910 244 πρότερον
942 185 987 230 ὃν
1016 192 1160 242 μέλλει
1181 188 1239 246 τῷ
1260 187 1332 243 τῆς
1363 186 1604 243 ἆλουργίδος
1616 197 1696 232 A.C.
1715 202 1786 235 132<

159 251 282 299 ἔνθα
301 253 537 309 κοσμήσειν,
570 252 819 309 κατέστησεν
838 254 884 295 ἐν
914 253 1083 310 βεβαάρ,
1100 250 1194 295 ὀύκ
1225 249 1276 295 ἂν
1307 248 1525 308 ἀπεστέρει
1557 253 1605 295 σὲ
1614 262 1656 298 V.
1681 274 1722 298 η

160 319 318 376 ταύτης
349 316 603 376 ἀναφανδόν.
635 317 683 359 τὸ
715 316 793 374 γὰρ
827 319 876 360 σὲ
904 319 984 370 μὲν
1015 318 1204 371 ἐκβαλεῖν
1235 319 1319 360 τῶν
1351 314 1507 374 ὅρκων,
1539 313 1613 360 ἀν..

119 410 122 413 -
161 389 422 440 τεισαγαγεῖν
453 385 501 427 δὲ
522 379 570 426 ὃν
591 379 643 426 ἂν
665 379 795 432 αύτὸς
826 380 1088 440 καταστήσῃ,
1121 379 1245 425 οῦδὲν
1275 379 1375 426 ἄλλο
1402 382 1620 427 δύνασθαί

132 453 233 505 5μοι
273 453 409 494 δοκεῖ.
440 451 510 492 δεῖ
525 448 577 505 δή
597 465 644 492 σε
675 448 990 503 βουλεύσασθαι
1010 446 1109 504 περὶ
1128 450 1204 489 τοῦ
1225 450 1464 505 πράγματος
1493 465 1615 492 συνε-

161 518 274 568 τῶς·.
302 512 454 574 oti-yde
479 513 578 572 περὶ
605 516 767 572 μικρῶν
787 513 860 556 καὶ
878 512 1252 570 εὖκαταφρονήτων
1271 516 1492 574 βουλεύσῃ,
1524 511 1616 557 ἀλλ’

160 579 190 640 ἢ
209 583 344 632 καλῶς
364 583 459 638 ζῆν,
490 577 519 638 ἢ
537 580 598 638 μὴ
622 579 782 634 ἀτᾲιως
802 580 1042 622 ἀποθανεῖν
1069 577 1149 634 ἐγώ
1175 581 1215 620 δ’
1235 578 1420 632 ἐμαυτὸν
1442 581 1646 637 παρέξωα

163 663 232 691 σοι
273 646 598 705 προθυμότατον
638 644 742 703 πρὸς
772 642 884 688 ἅπαν
926 643 974 686 τὸ
1013 644 1400 702 προσταττόμενον,
1439 642 1618 698 ἑτοίμως

163 711 319 770 ἔχοντα
348 708 416 768 μὴ’
445 713 672 770 πράγματα
713 711 843 765 μόνον
887 709 962 752 καί
991 709 1208 766 κτήματα,
1254 706 1358 751 ἀλλά
1381 709 1455 751 καί
1484 707 1618 764 αὖτὴν

56 790 62 810 ³
113 776 276 835 ιοζωῆν
295 778 403 835 ὑπὲρ
425 779 499 834 τῆς
521 779 596 834 σῆς
617 778 825 833 προέσθαι
846 776 1012 831 τιμῆς.”
1048 774 1215 818 Τούτων
1236 777 1320 817 τῶν
1340 775 1474 829 λόγων
1495 773 1618 817 ἀκού..

163 860 244 894 σας
264 843 288 886 ὅ
315 841 538 898 βασιλεὺς,
565 875 592 897 ,,
605 843 678 898 τῆς
686 843 765 895 μὲν
787 842 846 890 εἷς
867 842 943 894 ἐμέ
963 855 1039 883 σου
1059 840 1203 897 φιλίας
1224 843 1343 883 ἕνεκα
1363 839 1438 882 καί
1454 844 1618 897 προθυ..

162 909 266 966 μίας
302 908 488 964 ὁμολογῶ
508 924 575 951 σοι
593 909 762 964 χαριν”
792 906 874 963 ἔφη
901 940 928 960 ,,
942 904 1116 962 πολλήν·
1158 906 1252 949 ἐπεὶ
1281 908 1322 948 δ’
1343 905 1365 949 ὃ
1385 907 1516 961 μέγας
1547 908 1619 948 (50.-

164 977 359 1031 μέστικος
388 972 411 1016 ὃ
433 971 786 1028 Καντακουζηνός
811 969 1012 1028 Ἰωάννης
1041 971 1114 1014 καί
1139 974 1209 1015 σοι’
1236 974 1316 1026 μὲν
1337 971 1496 1021 οἰκείως
1519 972 1613 1013 διά-

165 1057 301 1084 κειται
321 1039 430 1083 πάνυ
451 1037 525 1082 καὶ
545 1039 743 1096 φιλικῶς,
776 1036 874 1091 ἐμοὶ
908 1039 956 1080 δὲ
989 1038 1237 1080 συνδέδεται
1271 1039 1440 1091 δεσμοῖς
1473 1036 1619 1093 φιλίας

116 1103 410 1164 ιόἆᾷῥήκτοις,
450 1107 497 1148 ἐκ
518 1105 718 1162 βρεφικῆς
739 1102 902 1159 ἡλικίας
923 1097 1025 1160 ἄχρι
1048 1102 1122 1146 καί
1151 1105 1276 1160 δεῦρο
1309 1105 1621 1158 συνηυξημένης

166 1173 267 1229 ἡμῖν
295 1170 369 1214 καί
395 1172 457 1221 εἰς
475 1171 611 1226 βάθος
641 1170 911 1226 προκοψάσης,
928 1171 1149 1223 τοσοῦτον,
1188 1169 1246 1219 ὥς
1277 1171 1411 1211 δοκεῖν
1437 1167 1512 1224 τὴν
1537 1171 1616 1222 μὲν
1629 1184 1661 1217 D

131 1236 276 1295 ,ἐμὴν
314 1235 461 1293 ψυχὴν
492 1234 540 1278 τὸ
564 1235 722 1278 ἐκείνου
753 1236 878 1289 σῶμα
908 1241 1058 1289 κινεῖν,
1103 1234 1180 1290 τὴν
1212 1237 1254 1277 ‹5’
1283 1234 1441 1277 ἐκείνου
1474 1233 1621 1290 ψυχὴν

70 1305 83 1310 “
118 1322 147 1365 χ
167 1306 215 1349 ἐν
245 1302 343 1358 ἐμοὶ
369 1297 578 1345 κινεῖσθαι
619 1299 694 1344 καὶ
722 1303 859 1343 ταῦτα
902 1300 976 1343 καί
1009 1302 1141 1356 λέγειν
1172 1299 1247 1343 καί
1276 1299 1472 1357 πράττειν
1513 1297 1619 1356 ἅπερ

91 1380 95 1385 ’
140 1366 224 1421 ³631·
255 1368 336 1426 ἐγώ
367 1368 611 1424 βούλωμαι,
664 1366 738 1410 καὶ
767 1366 919 1425 τρόπον
950 1366 1043 1410 τινὰ
1076 1366 1152 1418 τὰς
1193 1364 1445 1424 ἀμφοτέρων
1476 1366 1623 1421 ψυχὰς

118 1434 447 1485 αοσυντακείσας
468 1435 528 1485 εἷς
545 1433 650 1488 μίαν
670 1430 891 1491 ἀμφότερα
910 1431 964 1476 τὰ
987 1432 1164 1487 σώματα
1187 1439 1336 1476 κινεῖν·
1356 1431 1463 1490 ,ἐπεὶ
1479 1432 1622 1475 τοίνυν

172 1502 380 1559 αυμφυῶς
412 1496 548 1550 οὕτως
578 1498 730 1554 ἔχομεν
750 1497 853 1557 πρὸς
886 1495 1110 1555 ἀλλήλους,
1149 1500 1225 1541 οὐκ
1254 1496 1421 1542 ἀνεκτὸν
1441 1498 1622 1555 ἡγοῦμαι

171 1568 296 1623 μόνος
315 1583 360 1610 τι
377 1565 691 1622 βουλεύσασθαι
713 1564 814 1622 περὶ
832 1567 1048 1619 ἐμαυτοῦ,
1093 1561 1169 1608 κᾶν
1191 1567 1237 1608 ἐν
1261 1565 1454 1620 ἐσχάτοις
1484 1563 1623 1605 κινδύ-

172 1650 262 1685 νοις
293 1631 507 1691 συμβαίνῃ
539 1636 787 1688 περιπεσεῖν.
841 1627 932 1673 ἀλλ’
962 1630 1057 1674 ἐπεὶ
1086 1629 1139 1674 σὺ
1162 1629 1269 1688 πρὸς
1297 1629 1467 1689 Θρᾴκην
1495 1626 1624 1683 ἀπέρ-

170 1718 230 1760 χῃ
250 1701 325 1756 τῆς
355 1698 514 1755 ἐκείνου
537 1697 731 1753 διάδοχος
765 1696 956 1750 ἐσόμενος
975 1694 1132 1754 ἀρχῆς,
1163 1696 1392 1754 γράμματα
1424 1693 1526 1752 πρὸς
1547 1691 1624 1736 αύ-

174 1783 336 1849 purpnra
351 1789 556 1834 *induturus
579 1805 655 1841 est,
679 1811 754 1833 non
778 1804 816 1832 te
844 1797 970 1831 eadem
987 1798 1107 1842 palam
1134 1798 1315 1843 privatum
1341 1797 1422 1831 iret.
1480 1796 1625 1829 Etenim

176 1848 268 1896 quid
291 1846 394 1881 aliud
416 1848 486 1889 sit,
520 1857 653 1880 nomen
669 1851 772 1880 tuum
796 1846 951 1878 formula
978 1843 1122 1878 iurandi
1146 1845 1340 1877 exclusisse
1354 1869 1364 1884 ,
1392 1844 1470 1877 eius
1488 1848 1625 1883 contra,

175 1904 285 1944 quem
301 1895 380 1940 ipse
402 1894 645 1939 cooptaverit,
669 1893 886 1932 inseruisse,
911 1903 975 1937 ego
997 1903 1071 1924 non
1091 1892 1270 1936 intelligo.
1317 1890 1502 1936 Quoniam
1516 1890 1626 1934 igitur

174 1953 251 1978 non
280 1943 412 1988 parVae
440 1945 478 1974 et
498 1939 602 1974 flocci
622 1938 812 1973 faciendae
837 1948 892 1971 res
924 1944 1099 1984 aguntur,
1143 1937 1207 1971 sed
1233 1949 1304 1983 quo
1333 1942 1440 1982 pacto
1458 1936 1516 1968 vel
1546 1947 1626 1968 cum

178 1988 372 2029 honestate
389 1988 488 2021 vivas
505 2011 515 2027 ‚
557 1986 617 2020 vel
637 1987 728 2019 citra
747 1984 904 2018 dedecus
931 1986 1241 2030 ignominiamque
1265 1994 1414 2029 pereas,
1455 1987 1533 2016 tute
1556 1981 1627 2015 tibi

177 2036 363 2082 sapienter
383 2034 548 2068 consulas
574 2039 684 2079 atque
701 2032 901 2078 prospicias
932 2043 1079 2065 necesse
1103 2036 1167 2064 est.
1219 2031 1274 2063 De
1290 2041 1347 2063 me
1366 2029 1437 2062 hoc
1455 2028 1526 2062 tibi
1545 2029 1628 2073 pol-

176 2084 314 2123 iiceor,
345 2080 392 2115 ad
411 2081 534 2115 omnia
555 2079 725 2113 mandata
750 2085 814 2112 tua
841 2077 1087 2118 conficienda,
1132 2088 1199 2110 nec
1222 2076 1268 2110 ad
1292 2087 1347 2110 res
1375 2087 1415 2109 ac
1437 2075 1627 2108 facultates

178 2129 288 2164 modo
313 2139 458 2168 omnes,
490 2126 554 2161 sed
579 2126 625 2160 ad
649 2128 760 2160 vitam
784 2136 930 2171 quoque
951 2137 1016 2170 pro
1045 2124 1223 2170 dignitate
1242 2129 1307 2157 tua
1330 2122 1629 2156 contemnendam

178 2176 446 2223 paratissimum
470 2175 559 2208 fore.
613 2173 679 2206 His
700 2172 827 2212 dictis,
862 2173 1075 2216 imperator:
1117 2169 1227 2216 Quod
1253 2181 1310 2203 me
1331 2174 1522 2213 tantopere
1543 2168 1630 2201 dili-

181 2224 234 2270 gis
248 2247 258 2264 ,
282 2224 321 2256 in
374 2223 426 2263 it,
455 2227 492 2255 et
517 2221 557 2254 in
573 2231 654 2254 mea
673 2231 780 2254 causa
796 2225 934 2252 tantam
953 2220 1178 2253 alacritatem
1198 2227 1285 2262 prae
1309 2221 1346 2249 te
1366 2216 1457 2256 fers,
1482 2217 1629 2249 immor-

181 2271 274 2306 tales
301 2269 332 2303 ti
360 2269 374 2302 ἱ
402 2269 533 2315 gratias
562 2278 639 2313 ago.
697 2266 863 2299 Ceterum
893 2267 980 2311 quia
1005 2267 1157 2298 Ioannes
1182 2264 1451 2297 Cantacuzenus
1479 2273 1629 2306 magnus

183 2315 402 2352 domesticus
427 2320 466 2349 et
497 2315 537 2348 in
560 2315 689 2348 intima
716 2313 965 2347 familiaritate
985 2317 1048 2346 tua
1069 2316 1232 2345 versatur
1261 2316 1298 2344 et
1318 2310 1467 2354 irruptis
1490 2319 1629 2342 mecum

182 2363 367 2398 amicitiae
386 2361 542 2396 vinculis
558 2361 802 2405 coniungitur,
828 2371 921 2405 quae
942 2358 1030 2393 inde
1047 2358 1093 2392 ab
1109 2357 1314 2392 infantibus
1333 2367 1447 2402 usque
1467 2354 1513 2388 ad
1535 2355 1631 2388 hanc

180 2410 289 2449 diem,
305 2408 494 2443 nobiscum
521 2409 676 2442 accrevit
699 2412 737 2441 et
761 2418 803 2440 eo
828 2411 933 2440 aucta
961 2411 1038 2447 est,
1082 2410 1125 2439 ut
1146 2416 1226 2438 mea
1253 2404 1372 2437 anima
1397 2403 1475 2436 eius
1501 2412 1630 2446 corpus

182 2457 351 2492 videatur
374 2466 517 2490 movere
532 2481 542 2496 ‚
568 2456 688 2489 anima
718 2460 838 2487 autem
858 2454 935 2487 eius
959 2453 999 2486 in
1021 2463 1079 2486 me
1102 2451 1288 2492 habitare,
1313 2461 1429 2495 eaque
1453 2454 1490 2482 et
1508 2448 1630 2482 dicere

185 2509 224 2538 et
253 2514 370 2549 agere,
389 2514 482 2549 quae
508 2513 572 2547 ego
594 2503 725 2542 velim,
751 2506 861 2546 atque
885 2498 1150 2546 quodammodo
1175 2499 1316 2532 animae
1341 2497 1434 2530 duae
1457 2497 1497 2529 in
1521 2505 1630 2528 unam

186 2550 363 2585 conflatae
388 2549 574 2583 amborum
601 2554 697 2582 artus
724 2559 846 2593 regere
878 2546 1087 2580 videantur:
1121 2546 1228 2591 quia,
1265 2547 1430 2591 inquam,
1462 2553 1528 2575 nos
1556 2541 1628 2574 duo

185 2598 315 2631 animis
338 2608 452 2642 usque
471 2596 561 2630 adeo
586 2596 804 2635 coaluimus,
838 2595 952 2628 scelus
969 2594 1249 2632 consciscerem,
1284 2593 1314 2626 si
1340 2591 1384 2623 de
1410 2588 1516 2623 rebus
1539 2588 1629 2620 meis

187 2645 266 2678 sine
294 2644 359 2677 illo
388 2644 648 2683 consultarem,
681 2642 823 2675 etiamsi
858 2646 1015 2674 extrema
1042 2641 1080 2673 in
1105 2640 1265 2684 pericula
1289 2637 1496 2671 inciderem.
1557 2633 1630 2667 Sed

187 2702 267 2724 cum
287 2696 326 2724 tu
352 2692 391 2726 in
412 2689 603 2725 Thraciam
630 2700 695 2735 pro
721 2689 821 2722 illius
845 2699 1047 2722 successore
1080 2687 1200 2727 abeas,
1228 2696 1335 2719 manu
1358 2694 1438 2718 mea
1461 2683 1631 2727 scriptam
