1728 3158
271 96 433 142 xxvm
742 98 748 100 ·
788 97 791 100 ·
823 85 866 135 ιζ’
903 93 1136 137 ΡοΝΤΑΝι

269 211 406 251 ovium
422 206 681 261 'septuaginta
709 203 849 246 millia.
924 205 986 246 Ut
1002 206 1082 246 iam
1100 220 1182 246 non
1208 208 1260 248 sit
1273 236 1287 259 ‚
1311 214 1384 251 our
1401 223 1538 266 grogn
1556 216 1598 253 et
1655 215 1657 218 '
1683 195 1685 198 .
1711 211 1713 227 ³

268 281 402 316 menta
429 272 535 312 illius
554 271 627 311 Iob
656 272 860 312 miremur.
921 272 1075 312 Verum
1104 273 1180 312 ista
1209 274 1316 327 apud
1349 275 1477 317 urbm?
1497 276 1646 319 Thmui
1668 287 1669 290 ’
1707 315 1717 330 ·.

267 346 350 380 non
393 350 545 388 unam,
578 335 648 376 sed
666 335 801 391 plures
824 336 1011 391 possedit.
1078 337 1184 379 Vide
1221 338 1292 384 lib.
1326 340 1367 380 3.
1404 353 1491 395 cap.
1520 341 1587 394 24.
1624 328 1716 403 uffl

269 406 348 455 ait,
377 402 451 442 sibi
473 408 558 441 toto
575 403 743 456 imperio
760 403 941 442 Romano
957 417 1129 456 sparsas,
1161 417 1306 458 easque
1331 406 1551 447 immensas
1550 399 1721 464 eopia&

269 476 388 521 atque
406 479 513 520 opes.
567 467 623 507 Et
643 468 706 508 31.
721 475 761 508 et
777 467 842 512 36.
895 468 932 508 Ε
958 467 1191 522 supellectili
1220 483 1341 510 aurea
1367 477 1408 510 et
1424 479 1610 526 argentea
1626 472 1719 538 ‘suff

269 546 343 586 pra
365 531 535 572 ducenta
552 543 649 574 vasa
676 541 816 575 mutuo
835 533 904 574 dat
919 533 1068 588 palatio
1082 562 1096 586 ‚
1125 535 1254 589 capite
1269 536 1461 591 vigesimo
1485 545 1651 592 quarto.
1663 527 1703 579 «Ἀῖ
1714 534 1728 575 Δ

1581 610 1585 614 .
1686 619 1712 669 {v

847 762 1127 801 nnoo1m
1674 743 1728 770 '⁸

376 856 467 900 Lib.
499 871 535 899 1.
562 871 647 913 cap.
677 858 746 899 58.
801 857 1057 899 Andronicus
1082 861 1226 903 ‘senior
1267 858 1352 901 eius
1377 851 1728 915 prudentiam-in?

271 923 403 965 dando
430 924 594 965 consilio
635 923 853 965 admiratur
867 955 880 978 ,
924 939 1045 980 seque
1078 927 1121 968 in
1157 925 1228 967 illo
1252 926 1317 966 avi
1352 929 1522 968 materni
1543 929 1728 982 imagi-2

269 1005 364 1031 nem
389 992 534 1031 intueri
562 998 761 1030 asseverat
777 1019 790 1042 ,
818 992 887 1046 qui
914 998 998 1031 tam
1024 990 1206 1034 celeriter
1233 993 1474 1046 arripuisse,
1501 998 1585 1034 tam
1609 1002 1712 1048 apto?

272 1056 501 1111 explicasset
514 1085 526 1107 ,
554 1063 595 1096 et
620 1056 887 1110 promtissime
911 1058 1184 1110 transegisset,
1222 1071 1324 1111 quae
1349 1071 1414 1098 res
1439 1057 1719 1112 postulasset,-

271 1129 318 1161 ut
345 1123 550 1177 statuerit,
579 1122 612 1160 si
639 1121 788 1175 absque
814 1135 1038 1162 successore
1064 1136 1111 1162 ex
1149 1136 1192 1162 se
1217 1129 1311 1163 nato
1335 1131 1582 1176 moreretur,
1610 1116 1723 1173 suu-2*¹

272 1186 368 1226 dere
415 1186 673 1241 proceribus,
718 1186 833 1226 illum
868 1194 961 1227 ante
1010 1187 1108 1227 alios
1143 1189 1423 1241 imperatorem
1458 1189 1723 1244 eligendum}¹

272 1251 571 1292 Animadvertis
610 1253 756 1305 igitur,
796 1252 1113 1292 Cantacuzenum
1150 1254 1318 1306 imperio
1351 1253 1518 1308 dignum
1551 1255 1703 1295 iudica-

272 1323 360 1357 tum
378 1345 390 1369 ,
418 1317 452 1356 si
480 1331 600 1357 avum
627 1318 710 1357 eius
737 1316 954 1368 iudicavit,
994 1319 1107 1358 cuius
1134 1319 1176 1358 in
1203 1319 1290 1372 ipso
1318 1332 1547 1374 expressum
1557 1332 1616 1360 ·-se
1640 1321 1728 1360 inq·

270 1382 375 1422 tueri
402 1381 658 1422 simulacrum
685 1381 885 1422 confessus
912 1389 986 1422 est.
1496 1424 1498 1427 ,

383 1448 580 1501 Gregoras
617 1446 720 1487 libro
748 1460 855 1487 nono
893 1447 944 1487 de
971 1447 1124 1488 eodem.
1191 1447 1329 1488 Ceteri
1367 1449 1452 1490 illa·
1478 1450 1721 1491 mutatione-v

272 1512 385 1553 velut
415 1514 543 1553 multo
576 1526 689 1553 mero
726 1513 833 1552 ebrii
853 1513 1079 1553 insolenter
1105 1511 1288 1566 fortuna
1321 1523 1418 1555 sunt
1439 1515 1570 1556 abusi.
1624 1516 1707 1556 Ille

274 1586 422 1619 contra
454 1579 637 1619 naturali
659 1577 886 1632 prudentia
920 1587 960 1618 et
980 1591 1127 1631 magno
1161 1579 1328 1630 ingenio
1358 1589 1560 1629 ornatus,
1589 1593 1632 1619 se
1648 1579 1710 1625 'ad

273 1652 463 1684 veterum
480 1643 832 1698 praestantiorum
855 1644 1044 1683 virorum
1069 1652 1205 1684 mores
1232 1643 1519 1696 conformabat
1541 1653 1587 1685 ἐἰ
1615 1659 1708 1686 ma·-

273 1708 517 1763 gnificentia
536 1721 698 1748 morum
726 1716 766 1747 et
797 1709 927 1748 animi
956 1706 1220 1749 liberalitate.
1262 1709 1332 1749 ‘Et
1347 1723 1440 1750 cum
1462 1718 1560 1749 tunc
1579 1722 1646 1748 res
1669 1710 1723 1749 ei·

271 1774 458 1827 feliciter
483 1774 798 1820 successissent,
811 1772 1134 1826 fortunam'non
1161 1774 1386 1825 lacessivit,
1414 1776 1708 1828 nequevimmo-

276 1838 368 1878 dice
396 1838 662 1892 supercilium
689 1839 872 1878 arrexit:
901 1837 977 1877 sed
1000 1847 1158 1879 retenta
1185 1839 1314 1878 animi
1337 1839 1569 1891 gravitate,
1596 1840 1710 1883 intra

275 1902 503 1944 modestiae
528 1902 681 1942 limites
709 1904 902 1943 immotus
929 1904 1094 1943 mansit.

387 1968 562 2007 Rursum
588 1967 660 2006 lib.
697 1982 758 2007 10.
813 1968 912 2008 Hac
938 1970 1126 2009 oratione
1152 1968 1418 2022 confirmati,
1445 1981 1586 2010 omnes
1602 1976 1710 2012 stt-eff

278 2046 357 2073 nue
406 2047 456 2073 ac
501 2030 678 2086 sortiter
712 2032 847 2072 hostes
877 2034 1128 2076 invaserunt.
1182 2034 1382 2088 Inprimis
1410 2047 1513 2074 vero
1540 2047 1710 2086 magnus

281 2097 528 2139 domesticus
550 2097 870 2144 Cantacuzenus,
897 2098 970 2152 qui
987 2098 1128 2137 multis
1155 2099 1335 2145 ensibus,
1364 2098 1504 2138 multis
1529 2099 1622 2138 telis
1641 2099 1712 2143 ho,-

280 2163 404 2202 stium
429 2162 584 2216 petitus
612 2170 732 2216 atque
776 2163 998 2216 impulsus,
1033 2164 1120 2216 ipse
1148 2163 1318 2217 quidem
1341 2165 1546 2218 plurimos
1574 2164 1711 2203 hostes

277 2228 530 2282 prostravit:
558 2226 634 2266 sed
657 2240 787 2281 neque
816 2227 959 2282 clypeo
975 2257 987 2278 ,
1016 2241 1145 2281 neque
1171 2228 1316 2280 gladio
1346 2230 1520 2279 amisso,
1549 2228 1708 2273 incolu-

281 2294 359 2332 mis
388 2306 410 2332 e
441 2291 603 2346 praelio
632 2293 792 2344 evasit,
835 2293 948 2333 velut
992 2293 1271 2345 agglutinatus
1312 2302 1434 2348 atque
1470 2292 1632 2348 infixus
1669 2306 1708 2332 e-

284 2372 381 2414 quo.

393 2423 448 2463 Et
474 2423 577 2463 libro
606 2423 830 2463 undecimo.
887 2422 1005 2463 Adeo
1035 2437 1275 2476 magnorum
1303 2436 1472 2477 operum
1497 2422 1710 2473 ingeniosa

285 2488 482 2542 effectrix
509 2490 647 2541 magni
663 2489 877 2529 domestici
903 2491 1165 2529 taciturnitas
1189 2490 1345 2532 extitit.
1396 2488 1504 2527 Nam
1532 2486 1714 2524 aliorum.

285 2552 453 2607 quidem
489 2553 615 2593 verba
652 2555 820 2594 umbrae
856 2563 1014 2594 tantum
1042 2563 1134 2593 sunt
1163 2567 1358 2607 operum,
1389 2551 1512 2592 simul
1537 2559 1659 2604 atque
1688 2563 1710 2588 e

285 2620 425 2670 lingua
450 2618 703 2671 prodierint,
733 2620 973 2660 morientes.-
1003 2620 1089 2659 viri
1117 2626 1253 2659 autem
1282 2619 1402 2658 huius
1433 2617 1554 2656 etiam
1583 2614 1710 2654 silen-
