1852 3146
359 80 465 134 260
878 79 1242 130 CANTAcqum

171 206 206 238 Α.
223 205 347 249 C.1327
363 194 559 254 στρατιὰν
595 187 671 232 οὔκ
710 187 1064 244 εὕκαταφρὸνητον
1099 186 1451 244 συνηθροικότας,
1498 183 1586 240 ἅμα
1621 187 1675 230 δὲ
1700 184 1773 230 καὶ
1849 179 1852 218 ⁴*

363 258 575 316 Τριβαλῶν
612 251 688 296 οὖκ
723 248 862 308 ὅλίγην
887 254 1133 305 συμμαχίαν
1163 253 1452 306 ἐπαγομένους,
1495 256 1648 307 χωρεῖν
1666 254 1771 294 ‘uas'

317 335 343 368 C
359 325 493 367 αὐτοῦ.
521 318 715 376 βασιλίδα
751 320 797 360 δὲ
828 316 904 372 τήν
932 316 1064 357 αὐτοῦ’
1091 315 1270 371 γαμετὴν
1305 317 1349 358 ἒν
1381 314 1670 373 Διδυμοτείχῳ.
1687 326 1777 358 ικα·
1835 362 1837 365 ,

357 388 591 431 ταλέλοιπεν
618 372 705 438 ἅμα
734 383 782 440 τῇ
820 382 952 424 advo&
987 381 1082 437 θείᾳ
1127 380 1324 438 Θεοδώρα
1362 381 1414 436 τῇ
1453 376 1776 440 Καντακουζηνῇ

359 454 407 508 τῇ
433 451 506 493 τοῦ
539 449 716 503 μεγάλου
751 446 992 500 δομεστίκου
1019 443 1160 500 μητρί.
1195 441 1404 498 γενόμενος
1432 445 1478 486 δὲ
1501 446 1546 487 ἐν
1570 446 1612 486 Γ
1607 442 1800 501 ρατζιὰ-5

359 531 430 558 νου
463 513 578 555 πόλει
615 514 712 567 περὶ
744 505 914 565 ἐκβολὰς
950 511 1021 564 τῆς
1062 507 1228 565 Θρᾴκης
1265 510 1455 566 κειμένῃ,
1486 507 1616 564 Ξένην
1649 508 1778 551 αὐτοῦ

360 581 518 635 μητέρα
537 575 609 632 τὴν
632 577 825 630 βασιλίδα
849 573 925 629 τὴν
952 575 996 615 ἐκ
1024 574 1264 623 Βυζαντίου
1288 571 1486 616 ἐπάνοδον
1511 573 1643 616 αὖτοῦ
1661 588 1778 629 περι-

360 646 565 697 μένουσαν
587 635 717 695 εὗρεν.
745 636 850 694 αὕτη
875 637 953 694 γὰρ
989 637 1052 679 ἔτι
1081 639 1161 678 τῶν
1188 635 1289 693 πρὸς
1321 635 1519 691 ἀλλήλους
1547 642 1634 687 τοῖς
1657 640 1779 697 βασι-

363 709 479 749 λεῦσι
507 706 691 748 σπονδῶν
721 704 855 746 οὐσῶν
865 736 877 756 ,
903 702 1006 759 πρὸς
1039 704 1239 756 βασιλέως
1272 702 1451 758 ᾐτήσατο
1482 697 1561 744 τοῦ
1578 703 1779 757 κηδεστοῦ

364 770 465 828 πρὸς
500 771 800 824 Θεσσαλονίκην
829 771 872 810 ἓν
902 763 935 826 ᾦ
952 764 1253 824 ’φροντιοτηρίῳ
1279 765 1327 808 τὸ
1359 764 1593 821 μοναχικὸν
1617 765 1830 824 ἤμφιοὶ-ῐο

365 852 466 877 σατο
484 836 627 888 σχῆμα
653 833 774 876 πάλιν
795 835 1057 875 ἐπανελθεῖν·
1094 833 1167 873 καί
1194 831 1401 888 ἐπετράπη
1414 841 1429 873 .“
1468 832 1526 882 ὥς
1540 830 1603 874 δῖ·
1623 830 1776 885 μεταξὺ

325 911 355 943 D
368 902 439 955 τῆς
459 899 558 940 ὁδοῦ
584 898 607 940 ὅ
632 896 733 953 πρὸς
755 894 954 952 ἀλλήλους
974 898 1055 938 τῶν
1074 898 1279 950 βασιλέων
1300 895 1477 949 πόλεμος
1497 894 1779 953 ἆνεόζῖιπίσθη,

367 963 522 1016 ἔμεινεν
549 964 592 1004 ἐν
612 964 652 1003 Γ
649 960 887 1017 ρατζιάνου,
911 961 1082 1002 δείσασα
1105 959 1176 1015 τὴν
1196 961 1365 1011 ἀταξίαν
1387 963 1470 1003 τῶν
1489 957 1700 1018 {anselmum
1724 960 1782 1011 ’ὥς

366 1027 444 1082 γὰρ
469 1027 644 1081 ἤγγέλθη
672 1026 825 1078 αὐτοῖς,
851 1022 916 1067 ὅτι
942 1027 1167 1068 διελέλυντο
1197 1024 1241 1066 αἱ
1267 1024 1464 1078 σπονδαὶ,
1504 1024 1602 1075 τούς
1623 1028 1681 1084 τῷ
1701 1027 1779 1084 νέῳ

367 1095 536 1146 βασιλεῖ
555 1092 872 1146 προσκειμένους
893 1086 1029 1146 εἷρξαν
1049 1106 1094 1131 τε
1117 1089 1274 1139 πάντας
1297 1091 1367 1132 καὶ
1398 1087 1511 1145 εἶχον
1533 1092 1578 1134 ἓν
1600 1088 1835 1149 φρουρᾷΛὸ

368 1157 524 1211 ἡμέρας
553 1157 598 1196 δὲ
627 1155 766 1208 ὄλίγας
786 1151 876 1207 ἅμα
896 1157 948 1211 τῇ
970 1157 1099 1209 μητρί
1117 1156 1342 1210 διατρίψας
1365 1156 1496 1197 αὐτοῦ’
1506 1169 1538 1209 ,“
1556 1158 1648 1198 ἐπεὶ
1669 1156 1705 1212 ἦ
1737 1158 1783 1199 ἐκ

369 1221 442 1273 τῆς
470 1217 646 1275 ἑσπέρας
681 1218 851 1274 στρατιὰ
883 1215 1059 1274 ἠγγέλθη
1098 1221 1194 1274 περὶ
1213 1219 1391 1275 Δράμαν
1421 1222 1492 1262 καὶ
1527 1219 1600 1276 τὴν
1631 1219 1783 1263 Φιλίπ-

371 1299 464 1335 που,
480 1282 616 1332 πόλεις
633 1281 935 1335 Μακεδονικὰς,
956 1283 1381 1338 ἐστρατοπεδευκέναι,
1398 1286 1483 1341 θεῷ
1497 1283 1570 1326 καὶ
1582 1287 1633 1342 τῇ
1650 1283 1784 1328 πανά-

371 1363 449 1404 γνῳ
469 1347 598 1388 αὐτοῦ’
615 1346 744 1403 μητρὶ
763 1345 979 1399 εὐξάμενος
1003 1347 1075 1405 καί
1088 1347 1242 1389 θυσίαν
1264 1349 1457 1397 αἰνέσεως
1477 1350 1616 1399 αὐτοῖς
1634 1343 1783 1402 θύσας,

374 1410 471 1460 τούς
490 1410 561 1452 ἐπὶ
581 1417 670 1460 ταῖς
698 1413 894 1460 σπονδαῖς
923 1412 1213 1466 γεγενημένους
1247 1414 1323 1454 τοῦ
1345 1416 1626 1470 πρεσβυτέρου
1659 1417 1837 1468 βασι-20

241 1478 282 1511 V·
302 1489 364 1522 129
374 1478 475 1524 λέως
500 1471 659 1529 ὅρκους,
687 1473 761 1524 οὓς
785 1472 910 1524 αὐτὸς
935 1470 1033 1533 ᾤετο
1058 1473 1252 1531 εὐορκεῖν,
1281 1477 1490 1531 ἐκέλευσεν
1517 1477 1588 1519 ἐπὶ
1611 1480 1683 1533 τῆς
1712 1494 1786 1532 ση-

370 1542 498 1593 μαίας
526 1537 766 1590 ἆναθέντας,
796 1535 901 1580 εὖθύ
918 1545 1070 1594 χωρεῖν
1097 1540 1179 1581 nav
1196 1544 1412 1593 πολεμίων.
1441 1539 1712 1597 ἐστρατήγουν
1741 1544 1787 1583 δὲ

376 1605 512 1645 αὖτε-ὅν
553 1599 587 1654 ὅ,
601 1617 645 1642 τε
671 1605 747 1643 τοῦ
775 1604 1054 1657 πρεσβυτέρου
1073 1607 1275 1656 βασιλέως
1301 1603 1473 1658 ἀνεψιὸς
1490 1604 1670 1660 Ἀσάνης
1696 1609 1787 1648 Μι-

246 1676 280 1711 P.
292 1660 366 1711 *161
374 1666 486 1721 χαὴλ
513 1666 583 1707 καί
609 1665 629 1707 ὁ
655 1662 840 1721 ὕπαρχος
869 1665 1224 1719 Μονομοίχοςκαί
1246 1667 1267 1709 ὃ
1295 1668 1663 1725 πρωτοβεστιάριος
1689 1672 1788 1712 Πα-

377 1766 533 1808 agmine,
560 1769 596 1798 et
619 1776 695 1797 cum
709 1765 933 1798 Tribalorum
967 1776 1041 1797 non
1066 1765 1215 1795 modicis
1240 1765 1382 1796 auxiliis
1410 1774 1447 1797 se
1468 1762 1707 1812 oppugnatum
1728 1779 1790 1803 ve-

377 1812 455 1843 nire
479 1810 714 1843 intellexerat.
764 1812 914 1842 Uxorem
932 1810 1124 1850 Augustam
1147 1818 1226 1839 cum
1254 1808 1465 1844 consobrina
1485 1811 1673 1846 Theodora
1699 1815 1792 1847 Can-

377 1854 545 1888 tacuzena
560 1879 568 1892 ‚
593 1858 708 1897 magui
733 1852 917 1885 domestici
944 1858 1074 1892 matre,
1099 1852 1343 1895 Didymotichi
1371 1856 1462 1890 telin
1515 1857 1554 1892 it.
1603 1857 1788 1905 Postquam

380 1899 651 1943 Gratianopolin
675 1900 714 1931 in
746 1898 877 1930 finibus
913 1897 1086 1930 Thraciae
1110 1900 1264 1942 positam
1301 1901 1436 1946 attigit,
1502 1913 1604 1937 enam
1641 1911 1790 1938 matrem

381 1946 660 1990 imperatricem,
684 1955 784 1976 suum
808 1943 975 1986 Byzantio
998 1943 1150 1976 reditum
1173 1946 1470 1988 praestolantem,
1503 1949 1652 1983 invenit.
1699 1949 1789 1984 Nam

383 1992 573 2024 etiamnum
599 1990 748 2027 durante
769 1989 923 2029 foedere,
938 2000 957 2020 a
971 1996 1156 2032 prosocero
1172 1991 1383 2034 imperatore
1402 1995 1646 2036 contenderat,
1658 2002 1698 2029 ut
1718 1997 1787 2029 sibi

382 2036 427 2069 ad
450 2037 703 2068 monasterium
731 2034 1001 2067 Thessalonicae
1016 2060 1026 2075 ‚
1059 2036 1097 2067 in
1122 2047 1192 2081 quo
1216 2039 1450 2071 monasticum
1477 2039 1653 2074 induisset
1681 2039 1789 2075 habi-

381 2088 469 2122 tum,
495 2081 609 2114 redire
634 2082 684 2114 fas
709 2085 817 2112 esset:
842 2092 912 2125 quo
937 2086 1018 2114 voto
1043 2082 1158 2125 potita
1181 2087 1243 2115 est.
1292 2083 1386 2126 Dum
1404 2089 1522 2118 autem
1541 2088 1788 2131 proficiscitur,

382 2127 479 2159 bello
503 2128 597 2159 inter
619 2127 846 2170 imperatores
867 2127 1056 2166 concitato,
1082 2127 1340 2171 Gratianopoli,
1366 2130 1639 2165 occidentalium
1655 2134 1790 2167 tumul-

382 2178 458 2205 tum
483 2177 519 2204 et
540 2171 765 2204 insolentiam
789 2175 970 2211 metuens,
1002 2172 1172 2206 substitit.
1223 2173 1349 2207 Statim
1384 2178 1479 2210 enim
1504 2183 1610 2224 atque
1642 2179 1790 2212 nuntia-

381 2223 458 2251 tum
483 2222 547 2256 est,
571 2217 695 2249 foedus
720 2218 879 2259 periisse,
909 2223 1085 2262 quotquot
1106 2218 1209 2251 rebus
1236 2220 1386 2254 iunioris
1410 2222 1502 2256 bene
1527 2225 1720 2268 cupiebant
1752 2226 1792 2259 in

384 2263 578 2296 custodiam
616 2263 690 2295 dati
722 2267 815 2298 sunt.
874 2263 995 2295 Paucis
1020 2273 1124 2305 porro
1158 2264 1283 2297 diebus
1316 2278 1395 2299 cum
1429 2273 1539 2302 matre
1562 2272 1790 2315 consumptis,

384 2309 448 2341 ubi
481 2308 627 2340 nuntius
661 2308 788 2340 allatus
824 2313 896 2348 est,
931 2310 1124 2341 exercitum
1161 2310 1415 2345 occidentalem
1450 2314 1540 2347 circa
1566 2315 1727 2348 Dram‘am
1755 2322 1791 2348 et

384 2354 579 2396 Philippos,
594 2353 823 2385 Macedoniae
848 2353 992 2397 oppida,
1018 2356 1268 2395 castrametari,
1297 2358 1412 2390 Deum
1434 2361 1582 2404 eiusque
1605 2367 1790 2405 parentem

386 2400 611 2432 castissimam
635 2404 873 2442 comprecatus
894 2404 929 2431 et
944 2401 1153 2432 sacrificium
1175 2401 1288 2434 laudis
1309 2403 1436 2437 iisdem
1450 2405 1660 2447 sacrificans,
1685 2407 1790 2440 iussit

386 2443 647 2483 iusiurandum,
682 2444 777 2489 quod
802 2447 884 2476 avus
917 2445 954 2475 in
982 2445 1125 2478 foedere
1149 2447 1338 2480 sanciendo
1366 2450 1497 2483 iurarat
1532 2456 1568 2484 et
1590 2462 1726 2485 servare
1751 2463 1788 2485 se

386 2489 552 2533 putabat,
578 2491 615 2522 in
640 2490 769 2522 vexillo
795 2490 983 2533 suspendi,
1019 2496 1055 2523 et
1080 2497 1174 2524 recta
1197 2493 1234 2524 in
1258 2491 1377 2526 hostes
1400 2495 1614 2544 procedere,
1638 2497 1788 2542 quorum

388 2536 492 2569 duces
516 2535 737 2579 imperatoris
763 2537 910 2568 senioris
945 2546 987 2567 ex
1015 2547 1135 2569 sorore
1158 2538 1252 2569 filius
1283 2538 1436 2572 Michael
1458 2540 1608 2581 Aszmes,
1651 2547 1687 2575 et
1708 2543 1788 2576 Mo-

386 2580 575 2613 nomachus
599 2581 809 2624 praefectuS‚
839 2585 875 2612 et
904 2580 1124 2614 Andronicus
1147 2583 1373 2628 Palaeologus
1401 2589 1712 2629 protovestiarius,
1749 2599 1788 2620 ac

386 2631 466 2670 post
488 2637 547 2661 eos
572 2626 774 2659 Demetrius
798 2625 963 2670 despota,
994 2628 1214 2670 imperatoris
1246 2629 1362 2673 fllius3
1396 2631 1622 2666 Tribalorum
1655 2633 1790 2667 duode-
