1820 3164
331 81 445 155 494
869 100 1234 166 CANTAcuzml

140 207 180 243 Δ.
196 207 432 254 0.ι334ποΐς
470 195 549 242 ὅσα
589 199 792 243 ὑπόθοιτο
820 200 842 244 ὃ
867 202 996 256 μέγας
1022 203 1259 256 δομέστικος
1297 203 1572 260 ἀπαγγείλας,
1609 205 1750 263 ἕπειδὴ

330 265 531 314 κάκείνοις
565 259 718 321 ἄριστα
744 264 817 308 καὶ
841 270 1134 311 λυσιτελοῦντα
1169 268 1333 320 ἑαυτοῖς
1361 270 1497 312 ἐδόκει
1523 269 1588 314 τὰ»
1602 273 1754 326 βεβου·

331 333 510 386 λευμένα
536 332 610 374 καί
633 332 791 384 ἕτοιμοι
818 327 924 388 ἦσαν
955 331 1172 389 πράττειν,
1214 330 1342 386 αὖθις
1378 333 1482 393 πρὸς
1519 335 1591 380 τὸν
1621 339 1752 395 μέγαν

296 399 570 450 Βὸομέστικον
599 395 756 451 ἐλθών,
786 397 989 456 Ντεάρὸῳ
1017 401 1095 452 μὲν
1126 401 1198 442 καί
1221 406 1305 450 τοῖς
1332 405 1489 451 λοιποῖς
1520 398 1614 444 ὅσοι
1645 399 1752 444 και-οὶ

332 462 530 505 Φώκαιαν
567 465 906 519 πολιορκοῦνται,
949 461 1139 521 ἀρέσκειν
1178 463 1334 522 ἔφασκε
1363 464 1414 510 τοὶ
1449 469 1778 523 βεβουλευμένα5

329 527 402 570 καί
425 527 607 582 μάλιστα
634 529 793 572 ἐθέλειν
818 528 874 579 ὥς
896 530 1070 584 βασιλέα
1107 529 1327 586 ἐλθόντας,
1367 531 1475 590 ὖπὲρ
1501 534 1584 576 τόν
1615 533 1754 589 ἦμαρ-

329 595 517 651 τημένων
555 595 720 637 δεῖσθαι
755 595 998 652 συγγνώμην
1025 603 1279 653 παρασχεῖν.
1333 600 1421 640 δεῖν
1445 599 1494 642 δὲ
1520 601 1594 642 καὶ
1615 601 1755 653 Δομε-

329 663 429 717 νίκῳ
454 662 513 718 τῷ
544 658 650 703 κατὰ
680 658 757 717 τήν
781 660 1031 718 Μιτυλήνην
1060 665 1392 722 πολιορκουμένῳ
1418 660 1472 706 τοὶ
1497 662 1643 721 πρότα
1670 663 1756 718 μά·

330 729 451 768 λιστα
476 727 687 789 φερομένῳ
713 730 813 783 παρ’
838 724 993 781 αὖτοῖς,
1022 727 1159 783 κοινήν
1186 727 1445 784 ποιήσασθαι
1473 727 1550 785 τὴν
1575 728 1756 785 γνώμην.

331 792 439 847 μηδὲ
467 788 545 847 γὰρ
575 787 627 834 ἂν
654 791 866 834 δύνασθαι
891 792 1084 848 πράττειν
1111 795 1266 849 μηδὲν,
1312 795 1468 837 ἐκείνου
1500 791 1560 849 μή
1588 810 1776 840 avarem-1

331 857 637 913 ψηφιζομένου.
691 859 762 900 καί
783 858 1118 914 παρασχεθείσης
1142 859 1252 917 αὐτῷ
1273 852 1404 914 νεώς,
1427 861 1487 909 εἷς
1514 861 1757 916 Μιτυλήνην

331 918 457 978 ἦλθε·
512 919 799 977 συγγενόμενός
823 939 869 965 τε
897 923 1110 983 Δομενίκῳ
1139 926 1211 966 καὶ
1237 925 1335 981 περὶ
1360 926 1434 980 τῆς
1469 924 1631 982 εἰρήνης
1664 926 1758 968 δια-

332 986 522 1043 λεχθείς,
557 986 650 1030 ἐπεὶ
672 988 843 1047 κάκείνῳ
868 990 1060 1043 ἀσμένως
1089 988 1269 1045 ἐγίνοντο
1297 988 1338 1032 οἱ
1364 989 1480 1045 λόγοι
1505 989 1580 1033 καὶ
1605 988 1758 1041 πολλάς

331 1050 508 1109 χάριτας
537 1050 734 1108 ὧμολόγει
760 1057 929 1108 βασιλεῖ
950 1055 1023 1111 τῆς
1048 1055 1328 1109 ἀνεξικακίας,
1364 1055 1630 1112 ἀναστρέψας
1654 1058 1759 1100 ἐκεῖ.

332 1122 421 1174 θεν,
448 1120 507 1169 εἰς
525 1116 723 1161 Φώκαιαν
742 1121 994 1176 ἐπεραιώθη,
1022 1115 1135 1177 ἄγων
1152 1119 1225 1162 καί
1239 1118 1380 1177 ἕτερόν
1397 1137 1502 1175 τινα,
1530 1118 1577 1172 ὃς
1593 1118 1779 1175 ἕμελλενι

333 1187 380 1228 ἐκ
403 1184 625 1242 προσώπου
653 1184 885 1238 Δομενίκου
912 1189 1087 1240 βασιλέα
1117 1186 1432 1242 προσκυνήσειν.
1486 1183 1577 1230 δ’σοι
1607 1189 1654 1230 δὲ
1676 1190 1758 1231 τῶν

201 1257 240 1295 1³.
253 1256 322 1294 301
333 1251 663 1308 ἔπιφανεστέρων
693 1246 803 1306 ἦσαν
824 1253 870 1294 ἐν
891 1253 1066 1310 Φωκαίᾳ
1090 1250 1439 1308 πολιορκούμενοι,
1465 1255 1538 1295 καί
1561 1250 1636 1296 τὸν
1661 1252 1758 1311 υἱὸν

330 1318 527 1374 Σαρχάνη
554 1314 628 1357 καὶ
651 1315 749 1365 τοὺς
776 1312 948 1371 ἄλλους,
987 1314 1078 1360 ὅσοι
1103 1313 1212 1372 ἦσαν
1238 1316 1319 1361 σῦν
1346 1318 1482 1376 αὐτῷ,
1509 1315 1648 1375 ὥσπερ
1677 1320 1760 1361 δ’ὥ-

330 1398 405 1440 ρον
432 1380 700 1436 ἐπαγόμενοι,
728 1378 898 1437 ἥκουσιν
923 1382 984 1430 εἷς
1009 1385 1205 1436 βασιλέα.
1232 1382 1592 1439 προσκυνήσαντάς
1616 1400 1662 1426 τε
1687 1387 1762 1428 καὶ
1819 1429 1820 1438 ³

331 1447 430 1505 περὶ
453 1443 510 1490 ὧν
538 1444 643 1489 κατὰ
669 1444 737 1489 τὸν
763 1446 942 1501 πόλεμον
968 1447 1198 1503 ἐξήμαρτον
1222 1454 1366 1501 τυχεῖν
1393 1449 1634 1505 συγγνώμης
1659 1453 1811 1507 deq-20

332 1516 487 1563 θ’ἑντας
538 1511 734 1567 βασιλεὺς
781 1514 860 1566 μὲν
900 1513 1067 1568 ἡμέρως
1101 1514 1376 1569 προσεδέξατο
1421 1512 1495 1556 καὶ
1529 1518 1758 1571 προσηνῶς,

332 1576 577 1635 συγγνώμην
603 1593 649 1620 τε
675 1579 907 1635 παρέσχετο
931 1575 1061 1628 εὖθύς
1088 1577 1161 1620 καί
1185 1573 1264 1620 ὅσα
1295 1578 1493 1635 πρότερον
1520 1581 1761 1637 ε’πηγγείλα-
1784 1593 1786 1595 ’

331 1661 382 1689 το
409 1645 549 1693 αὐτοῖς
581 1642 604 1685 ὅ
630 1645 760 1698 μέγας
795 1645 1032 1697 δομέστικος
1070 1642 1175 1701 ἔργῳ
1218 1645 1468 1699 ἐπληροῦτο,
1510 1648 1584 1688 καί
1619 1647 1759 1691 αὐτῶν

335 1708 579 1766 Μιτυλήνην
605 1707 875 1766 παραδόντων
901 1712 1083 1763 βασιλεῖ,
1123 1709 1402 1764 ἐκβληθέντων
1427 1711 1511 1753 τῶν
1538 1715 1761 1768 φρουρῶν·

206 1790 248 1828 v,
259 1786 321 1835 24¹
335 1776 534 1835 Σαρχάνῃ
557 1790 600 1818 τε
630 1773 652 1818 ὃ
683 1774 882 1831 βασιλεύς
908 1773 983 1818 τὸν
1012 1776 1143 1817 παῖδα
1182 1770 1369 1825 ἅποδούς
1402 1774 1476 1818 καὶ
1505 1783 1590 1827 τοῖς
1619 1772 1814 1831 ἄλλοις-25

337 1929 436 1954 mum
469 1920 579 1962 atque
612 1914 846 1949 utilissimum
882 1913 1096 1958 probaretur
1143 1923 1294 1959 seseque
1326 1912 1557 1948 obsecuturos
1592 1915 1762 1951 ostende-

338 1971 440 2004 rent,
471 1963 517 1997 ad
550 1973 715 2007 magnum
740 1961 974 1995 domesticum
998 1960 1139 1994 rediens
1162 1965 1303 2000 narrat,
1337 1959 1504 1994 Odoardo
1539 1966 1577 1995 ct
1607 1962 1760 1996 obsessis

339 2010 508 2046 omnibus
540 2009 682 2053 placere
714 2007 951 2048 sententiam,
988 2011 1026 2040 et
1058 2007 1205 2041 omnino
1245 2005 1291 2039 ad
1327 2007 1579 2052 imperatorem
1613 2009 1760 2043 accede-

336 2069 379 2093 re
412 2058 457 2091 ab
495 2066 610 2100 eoque
642 2055 876 2089 admissorum
916 2054 1059 2087 veniam
1082 2058 1206 2098 petere
1231 2053 1468 2087 constituisse.
1517 2054 1654 2088 Tamen
1678 2066 1761 2089 cum

336 2103 528 2139 Dominico
542 2101 658 2134 nihilo
682 2102 800 2134 minus
818 2100 880 2145 qui
901 2099 1098 2143 Mitylenae
1123 2099 1349 2133 obsideretur
1363 2105 1400 2133 et
1421 2099 1516 2133 inter
1539 2111 1600 2134 eos
1619 2102 1762 2146 princi-

335 2151 397 2197 pis
421 2151 539 2183 locum
563 2148 848 2192 dignitatemque
864 2146 1066 2187 obtineret,
1093 2157 1166 2179 rem
1178 2144 1529 2179 communicandam:
1556 2146 1650 2181 nihil
1665 2149 1761 2181 enim

336 2197 430 2231 citra
452 2196 529 2230 eius
554 2205 734 2227 assensum
757 2193 885 2226 confici
907 2204 1021 2237 posse.
1077 2193 1203 2237 Itaque
1237 2192 1318 2225 data
1341 2192 1413 2225 sibi
1446 2201 1536 2225 nave
1559 2192 1763 2237 Mitylenen.

336 2244 484 2282 solavit,
508 2250 785 2286 congressusque
822 2250 902 2272 cum
917 2239 1107 2272 Dominico
1146 2243 1182 2272 et
1213 2236 1309 2283 apud
1345 2249 1427 2271 eum
1461 2236 1506 2270 de
1538 2241 1762 2283 pacedocu-

339 2294 421 2331 tus,
456 2293 494 2321 et
530 2289 780 2332 suffragantem
812 2291 920 2331 atque
955 2286 1062 2319 etiam
1105 2285 1314 2330 imperatori
1344 2284 1389 2318 de
1420 2285 1598 2328 patientia
1633 2287 1761 2331 gratias

339 2341 506 2381 agentem
528 2339 666 2374 nactus,
690 2332 883 2366 Phocaeam
907 2333 1065 2372 revertit,
1090 2332 1162 2364 alio
1187 2342 1306 2364 secum
1330 2329 1499 2371 adducto,
1523 2332 1586 2376 qui
1609 2343 1674 2377 pro
1684 2333 1762 2366 Do-

340 2383 478 2417 minico
511 2380 763 2424 imperatorem
793 2378 1069 2412 venerabundus
1102 2378 1282 2411 salutaret.
1334 2376 1524 2421 Quotquot
1549 2383 1667 2411 autem
1690 2390 1760 2412 no-

339 2429 485 2463 bilitate
509 2426 597 2459 clari
618 2426 713 2459 inter
736 2424 977 2458 Phocaeenses
1000 2423 1280 2465 obsidebantur,
1303 2423 1417 2457 filium
1442 2423 1629 2457 Sarchanis
1651 2425 1762 2459 alios-

343 2486 416 2521 que
440 2473 582 2508 obsides
597 2496 606 2513 ,
628 2473 728 2506 velut
751 2471 885 2505 donum
921 2483 1043 2505 secum
1065 2470 1280 2504 adducentes
1297 2494 1307 2511 ,
1332 2468 1377 2502 ad
1400 2470 1649 2515 imperatorem
1672 2472 1760 2507 ade.-

342 2527 430 2562 unt,
466 2529 619 2564 eumque
652 2518 860 2558 adorantes,
892 2518 1035 2551 veniam
1067 2527 1173 2561 super
1195 2515 1295 2549 bello
1317 2515 1410 2549 male
1433 2522 1573 2561 sumpto
1598 2528 1760 2562 compre-

343 2573 480 2602 cantur.
536 2566 604 2599 Eos
640 2565 704 2598 ille
738 2564 879 2610 placide
906 2575 946 2598 ac
968 2564 1101 2598 leniter
1124 2562 1282 2607 accepit,
1319 2563 1424 2595 venia
1457 2564 1576 2596 statim
1611 2562 1760 2600 donavit:

344 2619 382 2647 et
404 2613 578 2658 promissa
600 2612 719 2657 magni
745 2611 931 2644 domestici
952 2622 990 2644 re
1018 2610 1217 2655 complevit.
1273 2607 1435 2654 Cumque
1471 2607 1600 2643 educto
1624 2611 1761 2655 praesi-

346 2659 407 2695 dio
434 2659 636 2704 Mitylenen
662 2656 924 2699 reddidissent,
954 2656 1123 2691 Sarchani
1156 2655 1309 2701 aliisque
1333 2655 1446 2690 Persis
1479 2655 1595 2698 filios,
1630 2656 1759 2702 gratias
