1832 3132
309 86 421 151 304
832 94 1203 138 CANTACUZENJ
1246 92 1249 95 ·

114 197 659 257 A.c.1328n02spcc'ovg,‘‹2m'
689 194 844 246 ἔξωθεν
867 191 1219 250 ἕπιχειρεῖν,’,ἆ’μα
1247 191 1397 250 ὄλίγοις
1425 188 1485 237 ὧν
1511 183 1730 248 ἦγενᾶνόε
1748 173 1770 190 μ’
1814 176 1822 267 ¹.

305 274 445 325 βαινεν
463 263 535 308 ἐπὶ
550 262 598 305 τὸ
618 267 766 315 τεῖχος,
798 255 836 312 δ’,
860 275 902 300 τι
923 257 985 314 εἴη
1003 259 1053 302 τοὶ
1075 260 1263 316 δρώμενα
1289 258 1540 314 βουλόμενος
1555 260 1724 311 μαθεῖν.

265 335 376 378 Cum*
395 327 518 379 αὐτὸς
545 344 588 371 τε
614 324 722 369 ἑάλω
749 325 823 366 καί
849 322 887 366 οἱ
913 324 1221 378 συναναβάντες
1248 322 1328 366 ὑπὸ
1358 325 1442 367 ταῖν
1468 319 1722 380 ἐφεστώτων.

301 394 507 452 μαθόντες
534 395 593 446 δὲ,
623 389 690 434 ὅτι
727 389 855 440 αὐτὸς
884 383 978 443 ἄγοι
1003 387 1078 443 τὴν
1105 387 1298 444 στρατιάν
1313 422 1326 442 ,
1367 394 1454 439 τοῖς
1487 387 1599 431 κάτω
1626 382 1722 430 ἐπε-

303 460 469 520 φώνουν
495 457 676 501 ὖπείκειν
702 457 775 499 καί
798 452 856 510 μὴ
874 455 1160 496 ἀνθίστασθαι
1185 455 1242 511 τῷ
1263 455 1340 511 νέῳ
1366 449 1533 508 βασιλεῖ’
1553 447 1631 508 ἤδη
1657 450 1748 494 ἐν’-5

302 525 375 575 τὸς
402 520 487 567 ὄντι
512 524 672 577 τειχῶν,
708 518 891 573 μάλιστα
920 519 958 560 δ’
983 514 1072 571 ὅτι,
1111 516 1184 559 καί
1215 519 1290 559 τοῦ
1318 518 1549 582 στρατηγοῦ
1583 513 1723 560 αὗτῶν

303 587 552 640 ἑαλωκότος,
592 587 668 628 οὔκ
695 581 745 628 ἂν
761 583 1014 640 ’διαφύγοιεν
1039 581 1084 625 τὸ
1115 584 1262 625 δοῦναι
1286 581 1400 638 δίκην
1426 584 1470 632 ἐς
1495 581 1572 638 τὴν
1597 581 1724 624 ὅστε·-

301 656 447 711 ραίαν,
484 652 558 694 ἐάν
583 667 626 693 τι
651 650 893 706 ἐπιχειρῶσι
919 647 1126 702 βλάπτειν.
1154 647 1213 696 ὥς
1245 649 1292 689 δὲ
1312 641 1494 702 ἤκουσαν
1527 646 1567 690 οἷ
1588 642 1724 689 κᾶπω-

301 723 399 772 θεν,
444 714 510 759 ὅτι
538 713 677 758 αὕτῶν
711 730 757 756 τε
783 713 806 755 ὅ
848 710 1079 768 στρατηγὸς
1102 710 1211 754 ἑάλω
1239 711 1311 753 καί
1335 710 1358 753 ὅ
1399 713 1490 761 νέος
1527 708 1723 768 βασιλεύς
1789 743 1795 750 .
1818 733 1832 807 4

1823 809 1832 840 ⁴·

301 782 418 832 ἐντὸς
444 779 506 836 εἴη
533 782 708 834 τειχῶν,
735 776 1037 832 μεταβαλόντες
1063 773 1193 826 εὐθύς
1219 774 1434 832 εὖφήμουν
1459 790 1503 818 τε
1529 772 1604 818 τὸν
1629 776 1775 819 domo

301 849 476 901 βασιλέα
506 844 576 887 καί
601 847 755 897 ἕτοιμοι
791 839 900 898 ἦσαν
929 841 1203 898 συναίρεσθαι
1229 839 1280 883 τοὶ
1312 839 1482 887 δυνατοί.
1519 837 1592 883 καὶ
1621 836 1725 882 κατὰ
1828 889 1832 896 Ι

301 910 345 953 τὸ
379 911 590 952 ἐπίλοιπον
617 911 692 950 τοῦ
724 911 886 962 τείχους
918 903 1055 962 ἧρέμα
1087 902 1168 962 ἤδη
1202 905 1272 948 διοὶ
1302 907 1467 948 πάντων
1496 899 1561 963 ᾔει
1585 903 1615 961 ἧ
1647 907 1724 947 τοῦ
1778 965 1780 967 Γ
1827 900 1832 957 Ξ

302 976 399 1019 νέου
437 976 639 1030 βασιλέως
666 969 866 1029 εὐφημία.
911 970 934 1013 ὃ
959 972 1008 1027 δὴ
1033 972 1228 1026 βασιλεύς
1243 988 1288 1014 τε
1311 973 1383 1013 καί
1403 970 1427 1013 ὅ
1451 972 1581 1025 μέγας
1601 971 1725 1023 δομέ-

260 1039 264 1042 ’
303 1056 438 1088 στικος
463 1036 701 1091 ἀκούοντες,
742 1038 881 1079 οὐκέτι
904 1034 1068 1093 ἔφασαν
1102 1038 1188 1078 δεῖν
1222 1037 1275 1093 τῇ
1302 1037 1470 1090 κλίμακι
1496 1035 1723 1091 προσέχον-

255 1113 376 1153 Βτας
404 1105 781 1158 ταλαιπωρεῖσθαι,
829 1100 934 1143 οἷλλά
962 1107 1046 1151 τοῖς
1082 1102 1265 1155 ἀναβᾶσι
1296 1098 1566 1157 προσέταττόν
1599 1100 1778 1162 σφισιῐ5
1827 1118 1832 1161 ³}

299 1169 375 1219 τὰς
401 1168 533 1216 πύλας
562 1166 813 1221 ἀνοιγνύναι.
858 1167 931 1208 καί
949 1165 1042 1208 ἐπεὶ
1062 1162 1335 1224 ἀνεῴχθησαν
1349 1199 1362 1220 ,
1406 1161 1496 1220 ἅμα
1517 1169 1612 1214 ’τοῖς
1633 1165 1723 1206 ἐπι-

296 1236 455 1282 λοίποις
480 1231 608 1288 εἰσῄει
633 1233 704 1273 καί
729 1229 751 1272 ὅ
783 1229 1002 1285 βασιλεὺς,
1040 1230 1144 1284 μετὰ
1170 1229 1320 1287 μικρὸν
1355 1232 1401 1273 δὲ
1421 1230 1495 1273 καί
1511 1229 1534 1270 ὅ
1563 1243 1724 1285 πρωτο-

301 1297 487 1354 στράτωρ
518 1294 621 1349 -ἅμα
650 1294 729 1338 σὺν
765 1295 890 1338 παντί
916 1297 1083 1350 εἰσῆλθε
1114 1297 1172 1352 τῷ
1206 1297 1378 1353 στρατῷ.
1421 1296 1495 1338 καί
1527 1292 1636 1351 πρός
1669 1290 1722 1336 τοὶ

300 1365 491 1418 βασίλεια
529 1359 665 1403 ἐλθών
701 1359 724 1402 ὅ
754 1363 843 1409 νέος
873 1359 1092 1415 βασιλεὺς,
1131 1360 1205 1404 τὸν
1240 1363 1416 1415 βασιλέα
1451 1360 1525 1402 καὶ
1555 1355 1722 1400 πάππον
1828 1409 1832 1417 Ι

297 1425 615 1483 προσεκύνησεν,
663 1421 800 1481 ὥσπερ
831 1421 885 1480 ἧν
923 1423 1019 1473 ἔθος
1062 1421 1175 1482 αύτῷ
1184 1458 1198 1478 ,
1243 1424 1316 1467 καὶ
1349 1427 1621 1473 καθεσθέντες
1647 1440 1791 1476 pcc-201
1826 1418 1832 1431 ³

298 1490 421 1546 κρὸν,
461 1489 483 1531 ὅ
508 1488 786 1546 πρεσβύτερος
808 1489 1006 1544 βασιλεύς
1038 1487 1174 1546 ὥσπερ
1212 1491 1283 1532 ἐπὶ
1311 1496 1398 1539 τοῖς
1425 1490 1611 1543 συμβᾶσι
1645 1503 1720 1529 κα-

297 1552 615 1610 ταμεμφόμενος
647 1550 819 1608 ἑαυτὸν,
873 1556 1114 1610 μεμνῆσθαι
1154 1553 1265 1609 ἔλεγε
1298 1556 1432 1603 καλῶς
1473 1555 1554 1596 τῶν
1590 1553 1719 1608 thyma

296 1622 377 1661 τῶν
409 1619 536 1660 αὐτοῦ
547 1653 559 1672 ,
588 1618 864 1671 αἰνιττόμενος
892 1617 948 1667 ὥς
971 1617 1022 1661 τὰ
1048 1620 1241 1674 λυσιτελῆ
1264 1618 1336 1661 καί
1365 1620 1510 1676 δέοντα
1532 1620 1719 1671 συμβου-

298 1682 461 1726 λεύοντι
487 1684 563 1724 οῦκ
587 1682 775 1725 ἐπείθετο
798 1680 926 1740 αύτῷ.
964 1684 1009 1733 ἐξ
1037 1685 1170 1740 ἀρχῆς
1191 1684 1334 1737 μέντοι
1357 1681 1450 1739 ἴσην
1481 1682 1555 1725 καὶ
1575 1681 1722 1736 ὁμοίαν

298 1782 387 1817 quos
412 1771 530 1812 duxit,
556 1773 595 1805 in
618 1783 758 1805 murum
785 1771 966 1813 ascendit,
997 1773 1120 1805 volens
1146 1783 1292 1806 noscere
1322 1770 1411 1819 quid
1436 1776 1608 1818 ageretur.
1647 1771 1717 1805 Ca—

295 1823 378 1862 ptus
405 1823 458 1850 est
481 1824 598 1851 autem
622 1819 698 1862 ipse
722 1829 801 1851 eum
834 1817 953 1858 sociis,
979 1819 1041 1863 qui
1067 1819 1173 1851 simul
1202 1816 1460 1859 ascenderunt,
1495 1817 1541 1850 ab
1575 1818 1637 1851 iis.
1653 1818 1717 1862 qui

296 1865 366 1896 iam
390 1874 496 1908 super
516 1875 616 1897 muro
638 1863 856 1896 visebantur.
905 1863 980 1907 Qui
1003 1869 1044 1897 ut
1066 1864 1282 1905 didicerunt,
1310 1865 1428 1909 ipsum
1454 1874 1534 1897 cum
1557 1864 1718 1897 exercitu

298 1909 435 1948 adesse,
473 1914 667 1954 coeperunt
692 1910 886 1942 acclamare
909 1908 978 1948 his,
1013 1911 1075 1955 qui
1107 1910 1224 1943 adhuc
1253 1911 1346 1944 infra
1377 1914 1501 1950 erant,
1536 1908 1717 1951 cederent,

299 1966 368 1988 nec
392 1961 631 2000 repugnarent
652 1955 881 1999 imperatori,
910 1956 973 2000 qui
997 1957 1069 1988 iam
1093 1957 1188 1989 intra
1210 1967 1328 1990 muros
1356 1961 1471 1999 esset3
1509 1957 1718 2000 praesertim

301 1999 390 2033 duce
416 2001 485 2033 iam
510 2013 630 2034 eorum
654 2006 777 2045 capto:
808 2011 882 2034 non
906 2002 1001 2034 enim
1027 2001 1086 2035 die
1113 2002 1265 2035 crastina
1289 2009 1444 2047 poenam
1468 2001 1661 2042 vitaturos,
1686 2002 1719 2034 si

302 2046 392 2090 quid
415 2045 545 2080 hostile
572 2046 757 2083 auderent.
805 2046 887 2090 Qua
917 2058 1004 2080 voce
1038 2049 1204 2081 commoti
1238 2048 1396 2090 inferni,
1426 2048 1545 2082 statim
1571 2047 1717 2081 mutatis

300 2092 439 2132 animis,
462 2093 668 2137 imperatori
693 2093 819 2126 faustis
842 2093 1153 2127 acclamationibus
1178 2094 1342 2139 gratulati
1367 2098 1470 2135 sunt,
1493 2094 1607 2138 parati
1633 2104 1717 2127 eum

300 2136 465 2170 adiuvare
502 2143 674 2183 quantum
701 2143 866 2182 possent:
904 2140 1143 2185 serpebatque
1174 2151 1239 2184 per
1268 2141 1407 2186 reliqua
1443 2139 1586 2173 moenia
1620 2141 1716 2172 iuter

301 2181 436 2216 milites
460 2184 498 2215 in
521 2184 772 2227 imperatorem
794 2184 889 2218 laeta
918 2187 1136 2221 acclamatio.
1183 2185 1291 2230 Quod
1316 2187 1393 2230 ipse
1419 2191 1456 2219 et
1477 2195 1623 2230 magnus
1649 2182 1716 2218 do-

302 2230 469 2261 mesticus
495 2229 699 2270 audientes,
730 2241 803 2263 non
828 2230 899 2263 iam
932 2232 1034 2265 scalis
1057 2231 1236 2266 haerendo
1273 2230 1509 2268 laborandum
1534 2230 1716 2270 dicebant,

301 2279 338 2307 et
362 2280 404 2308 ut
425 2274 488 2318 qui
511 2275 741 2308 ascenderant
768 2282 888 2320 portas
913 2284 1122 2319 reserarent,
1147 2277 1421 2314 succlamabant.
1448 2277 1589 2322 Quibus
1610 2287 1716 2321 aper·-

300 2320 369 2360 tis‚
406 2330 485 2352 cum
516 2321 655 2365 reliquo
688 2323 827 2366 agmine
851 2324 1013 2357 introivit
1048 2325 1249 2367 imperator,
1280 2324 1459 2369 pauloque
1484 2327 1566 2366 post
1587 2327 1713 2367 proto-

300 2371 430 2399 strator
454 2377 531 2399 cum
550 2371 627 2399 toto
642 2367 704 2410 qui
728 2367 884 2401 restabat
907 2370 1075 2403 exercitu.
1101 2371 1301 2414 Progressus
1319 2368 1371 2402 ad
1392 2369 1567 2414 palatium
1588 2379 1715 2412 nepos,

300 2421 404 2444 avum
427 2417 596 2444 consueto
614 2423 711 2445 more
733 2414 1004 2448 venerabundus
1019 2416 1201 2458 salutavit3
1227 2420 1263 2448 et
1285 2426 1365 2448 cum
1389 2413 1610 2462 aliquamdiu
1625 2425 1714 2448 con-

299 2456 497 2498 sedissent,
522 2467 604 2490 avus
639 2458 736 2490 velut
766 2465 911 2503 propter
937 2472 989 2502 ea,
1023 2473 1114 2508 quae
1145 2461 1358 2502 acciderant,
1385 2466 1496 2494 semet
1531 2460 1712 2499 incusans,

299 2503 393 2535 bene
417 2514 454 2536 se
486 2504 690 2538 meminisse
720 2504 839 2538 aiebat
869 2507 1057 2540 verborum
1080 2507 1180 2547 eius,
1203 2507 1370 2547 innuens,
1396 2518 1433 2540 se
1458 2506 1563 2540 utilia
1587 2511 1624 2539 et
1644 2517 1712 2539 ne—

300 2550 450 2582 cessaria
476 2548 639 2583 suadenti
663 2561 736 2582 non
767 2550 1037 2596 obtemperasse.
1075 2552 1130 2587 Ab
1146 2553 1252 2586 initio
1278 2557 1397 2586 autem
1417 2552 1514 2586 idem
1540 2557 1576 2586 et
1596 2552 1715 2586 simile

300 2605 438 2639 semper
473 2595 618 2629 diabolo
645 2605 720 2628 esse
754 2596 911 2629 studium
944 2599 1098 2632 nocendi
1132 2598 1360 2639 hominibus,
1398 2609 1606 2645 semperque
1631 2609 1713 2631 eum

298 2640 520 2675 malefacere.
568 2641 613 2676 Et
644 2651 723 2675 cum
751 2641 896 2677 fallatur
929 2644 1201 2691 decipiatur-que
1235 2644 1393 2690 saepius,
1425 2644 1464 2678 in
1497 2644 1712 2691 quibusdam
