1832 3138
367 106 471 163 188
895 114 1266 160 CANTACUzENl

165 229 248 266 ΑΒ.
265 231 351 266 1322
363 221 436 265 καί
455 223 627 277 βασιλεῖ
638 217 708 261 διὰ
733 215 992 273 γραμμάτων
1011 217 1064 260 τοὶ
1082 218 1330 274 γεγενημένα
1349 214 1515 271 ἐδήλου.
1557 209 1665 262 οἷλλὰ
1690 215 1795 258 ταῦ-

318 302 414 335 Βτα
442 289 520 340 μὲν
548 286 695 328 τοῦτον
728 284 966 338 συνηνέχθη
991 280 1065 326 τὸν
1087 282 1255 338 τρόπον.
1294 279 1342 324 τὸ
1373 282 1419 324 δὲ
1441 279 1485 331 ἐξ
1506 280 1797 337 Ἱ’περβορέων

359 348 566 395 Σκυθικὸν
601 347 756 405 πλήθει
791 363 835 390 τε
867 348 1154 404 ἀναρίθμητον
1187 344 1339 401 σχεδὸν
1379 341 1425 388 ὃν
1457 344 1534 388 καὶ
1558 344 1795 389 δυνατώτα-

357 433 430 459 τον
449 418 533 458 τῶν
563 410 796 468 ἑκασταχοῦ
822 414 981 467 ἐθνῶν,
1022 415 1068 455 ἐν
1087 413 1167 465 μὲν
1195 416 1283 461 τοῖς
1311 411 1604 467 παλαιοτέροις
1621 408 1795 467 χρόνοις

357 481 528 536 ἐτησίως
549 482 608 530 εἰς
631 478 708 534 τὴν
739 479 967 532 “Ρω,ιιαίων
994 477 1231 531 εἷσβάλλον,
1269 474 1320 518 τὰ
1347 477 1523 531 μέγιστα
1544 474 1716 528 ἐκάκου,
1739 472 1832 539 τό5ξ

357 544 600 601 προστυχὸν
629 542 1077 600 ἐξανδραποδιζόμενον
1110 538 1235 584 ἅπαν.
1265 538 1503 592 συνιδόντες
1523 542 1571 584 δὲ
1602 539 1643 584 οἶ
1669 543 1796 595 βασι-

357 616 442 661 λεῖς
463 609 714 665 Ῥωμαιων,
752 609 809 659 ὥς
829 607 946 666 μάχῃ
975 605 1077 664 πρὸς
1107 603 1262 657 αὖτοὺς
1291 606 1613 661 διαγωνίζεσθαι
1636 604 1796 648 ἀδύνα-

357 693 419 719 τοι
447 672 550 730 εἶεν,
590 676 739 733 δώροις
765 673 838 726 καί
868 671 1200 731 φιλοφροσύναις
1237 669 1335 721 τούς
1368 671 1513 714 αὐτῶν
1535 671 1795 726 θεραπεύον-

359 757 428 791 τες
462 740 698 798 σατράπας,
739 738 785 782 τὸ
817 737 877 795 μὴ
899 739 974 780 ὑπ’
1001 738 1142 780 αὐτῶν
1176 735 1504 793 διαφθείρεσθαι
1521 735 1794 792 ἐκαρποῦντο.

358 805 541 860 μάλιστα
574 807 621 848 δὲ
649 803 804 854 αὐτοὺς
833 806 1035 860 ἐξημέρου
1067 806 1140 846 καί
1171 804 1321 860 φιλίως
1344 800 1520 844 διετίθει
1551 798 1658 858 πρὸς
1677 797 1832 843 ςΡω-ῐ(

357 873 514 924 μαίους
536 869 583 913 τὸ
609 871 656 912 ἐκ
676 872 758 913 τῶν
783 869 1011 925 βασιλικῶν
1041 867 1164 911 οἴκων
1188 872 1386 923 γυναῖκας
1412 861 1590 921 ἄγεσθαι
1609 861 1795 915 ἑαυτοῖς·

234 944 271 978 Ρ.
283 943 351 981 117
364 935 648 992 περιμάχητον
670 935 750 992 γάρ
783 931 929 984 αὕτοῖς
954 932 999 977 τὸ
1024 936 1189 977 τοιοῦτο
1221 931 1291 975 διὰ
1313 929 1360 975 τὸ
1381 929 1457 976 τὸν
1474 931 1652 987 βασιλέα
1679 931 1796 974 ‘Pm-

354 1000 494 1054 μαίων
509 997 786 1057 Ἀλεξάνδρου
812 1001 889 1043 τοῦ
909 998 1172 1042 ΖνΙακεδόνων
1195 999 1268 1040 καὶ
1284 999 1468 1055 Περσῶν
1485 997 1691 1052 βασιλέως
1711 993 1795 1037 οἴε-
1823 998 1827 1001 ’

355 1069 460 1108 σθαι
487 1063 682 1119 διάδοχον
704 1062 823 1108 εἶναι.
860 1063 883 1107 ὃ
913 1063 970 1121 δὴ,
991 1063 1065 1107 καί
1090 1064 1130 1106 οἱ
1151 1063 1382 1117 “Ρωμαίων
1411 1066 1598 1118 βασιλεῖς
1621 1059 1793 1114 εἰδότες,

355 1131 591 1187 παρθένους
609 1129 685 1187 τὴν
706 1125 806 1185 ι’)’ψιν
829 1131 1091 1187 διαπρεπεῖς,
1121 1126 1196 1172 οὗκ
1215 1126 1267 1171 εὖ
1285 1128 1498 1184 γεγονυίας
1514 1125 1655 1182 μόνον,
1681 1122 1832 1168 οἷλλάιέ

355 1198 429 1238 καί
455 1198 500 1247 ἐξ
524 1192 698 1250 ἀσήμων
722 1196 850 1250 γενῶν
872 1197 917 1238 ἐν
946 1202 1032 1246 τοῖς
1051 1194 1280 1250 βασιλείοις
1302 1196 1593 1251 ἑκτρὲφοντες,
1630 1191 1688 1243 ὥς
1707 1195 1791 1234 θυ-

352 1261 530 1316 γατέρας
550 1258 734 1314 ἑαυτῶν,
764 1258 889 1303 ὁπότε
914 1262 1031 1313 1δέοι,
1063 1266 1150 1309 τοῖς
1179 1261 1355 1302 Σκυθῶν
1386 1258 1621 1315 σατράπαις
1641 1273 1792 1313 κατηγ-

350 1327 478 1380 γύων.
515 1324 590 1367 καί
619 1324 690 1367 διὰ
719 1325 915 1368 τοιούτων
939 1327 1132 1368 ἐπινοιῶν
1161 1327 1245 1368 καὶ
1265 1325 1432 1381 τρόπων
1462 1321 1790 1380 θεραπευόμενοι
1806 1333 1815 1338 “

350 1389 424 1431 ἐπὶ
458 1394 624 1439 πολλοῖς
657 1389 792 1432 ἔτεσιν
826 1390 904 1432 οὖκ
939 1392 1138 1444 ἐσέβαλον
1170 1392 1228 1440 εἷς
1255 1389 1332 1445 τὴν
1353 1390 1592 1444 εΡωμαίων.
1637 1389 1713 1432 τοῦ
1739 1389 1788 1430 δὲ

350 1453 481 1508 ἔτους,
511 1449 562 1496 οὗ
585 1454 766 1511 Μιχαὴλ
789 1452 811 1496 ὅ
846 1454 1074 1507 εΡωμαίων
1100 1453 1298 1509 βασιλεὺς
1327 1455 1412 1496 τῶν
1432 1451 1734 1508 Παλαιολόγων
1759 1452 1832 1495 620

350 1517 541 1575 δεύτερος
564 1519 786 1574 ἐτεθνήκει,
814 1517 890 1575 τὴν
901 1521 1082 1562 Μυσίαν
1101 1517 1288 1574 Σκυθική
1310 1517 1645 1575 καταδραμόντες
1660 1534 1786 1574 στρα-

347 1581 439 1636 τια,
480 1587 607 1639 μέρος
636 1601 679 1625 τι
708 1586 841 1640 αὐτῆς
867 1585 940 1627 καί
977 1583 1050 1639 τὴν
1082 1585 1296 1641 Ὀδρυσῶν
1339 1580 1444 1641 ἄχρι
1477 1583 1792 1641 Ἀδριανουπόὰ,

303 1660 332 1693 Β
348 1651 451 1697 λεως
485 1650 642 1702 ἐπῆλθε
672 1650 746 1690 καί
775 1648 1005 1704 ἐζημίωσεν
1037 1645 1085 1690 οὗ
1113 1647 1219 1691 πολὺ
1227 1682 1241 1702 ,
1277 1645 1351 1692 ἅτε
1384 1648 1459 1691 καί
1479 1650 1552 1704 τῆς
1582 1650 1786 1704 στρατιᾶς

346 1713 631 1768 εὖαριθμήτου
666 1707 807 1768 οὔσης.
850 1714 928 1755 τοῦ
955 1713 1002 1754 δὲ
1029 1714 1216 1762 ἐπιόντος
1240 1711 1384 1767 ἔτους,
1420 1715 1500 1755 τοῦ
1531 1714 1627 1756 νέου
1660 1715 1784 1768 βασι-

346 1778 450 1825 λέως
473 1775 544 1818 διὰ
567 1775 640 1819 τὸν
656 1775 762 1833 πρὸς
787 1775 858 1819 τὸν
877 1775 1045 1819 πάππον
1060 1777 1240 1832 πόλεμον
1258 1777 1357 1834 περὶ
1375 1775 1614 1830 Βυζάντιον
1633 1779 1832 1834 &arpa-25

346 1854 473 1894 iussis,
499 1853 544 1887 de
571 1859 648 1888 tota
673 1865 711 1888 re
747 1854 793 1887 ad
817 1865 922 1888 avum
947 1855 1166 1900 perscripsit.
1224 1856 1271 1889 Et
1294 1854 1386 1890 haec
1409 1843 1647 1903 quidem'isto
1670 1855 1781 1889 modo

346 1905 552 1933 evenerunt.
580 1901 733 1944 Scythae
758 1907 878 1944 autem
903 1901 949 1935 ad
968 1908 1108 1936 montes
1127 1902 1377 1947 Hyperboreos
1398 1903 1610 1943 incolentes,
1635 1902 1780 1936 infinita

343 1946 604 1990 propemodum
616 1959 700 1992 gens
713 1952 749 1980 et
768 1948 932 1981 omnium
951 1949 1089 1993 ubique
1109 1949 1269 1994 gentium
1285 1949 1547 1993 potentissima,
1561 1949 1679 1993 prisca
1699 1959 1779 1982 me-

342 1993 459 2026 moria
472 1993 715 2027 anniversarie
731 1994 819 2027 fines
834 1995 1075 2028 Romanorum
1095 1994 1330 2035 incursantes,
1343 1995 1536 2039 plurimam
1556 1993 1693 2028 cladem
1713 1995 1777 2028 da-

342 2038 431 2071 bant
444 2064 454 2080 ‚
479 2039 660 2086 quidquid
679 2041 892 2074 occurrisset
910 2042 949 2074 in
969 2042 1178 2074 servitutem
1197 2041 1429 2086 abripientes.
1455 2042 1692 2086 Imperatores
1707 2042 1776 2074 Ro.

342 2086 440 2118 mani
460 2085 505 2118 ad
519 2087 712 2119 certamina
734 2097 814 2119 cum
832 2087 906 2119 illis
928 2086 1112 2120 miscenda
1125 2098 1250 2132 parum
1266 2099 1303 2120 se
1323 2098 1426 2132 posse
1440 2087 1774 2128 animadvertentes,

340 2131 553 2165 muneribus
579 2138 617 2166 et
636 2131 860 2166 humanitate
876 2133 1032 2179 quadam
1055 2144 1178 2167 eorum
1199 2139 1355 2178 satrapas
1375 2132 1612 2167 demulcendo
1624 2134 1774 2167 vastita-

340 2181 414 2209 tem
431 2177 477 2210 ab
500 2179 544 2210 iis
568 2177 818 2212 redimebant:
844 2190 934 2224 quos
956 2180 1148 2224 praecipue
1167 2180 1375 2213 emolliebat
1394 2186 1431 2213 et
1460 2180 1628 2214 Romanis
1650 2181 1774 2213 conci·
1819 2219 1830 2226 .

339 2222 467 2264 nabat,
492 2223 591 2269 quod
610 2235 654 2257 ex
675 2225 910 2270 imperatoria
934 2226 1071 2259 familia
1095 2237 1224 2259 uxores
1248 2228 1557 2260 nanciscerentur:
1583 2225 1653 2259 hoc
1675 2226 1774 2259 enim

341 2267 588 2303 decertatione
614 2270 760 2315 dignum
780 2271 936 2314 ducunt3
963 2278 1156 2317 propterea
1181 2272 1278 2318 quod
1296 2273 1548 2317 imperatorem
1575 2273 1774 2306 Romanum

339 2314 544 2349 Alexandri
567 2315 806 2350 Macedonum
831 2323 868 2351 et
890 2318 1076 2351 Persarum
1111 2319 1203 2363 regis
1229 2329 1466 2351 successorem
1495 2329 1571 2352 esse
1597 2318 1774 2353 arbitran-

342 2364 411 2394 tur.
461 2362 621 2395 Scientes
645 2362 684 2396 id
708 2364 859 2396 Romani
879 2364 1137 2409 imperatores,
1167 2365 1297 2398 eximia
1331 2363 1577 2410 pulcritudine
1603 2364 1773 2409 virgines,

341 2418 416 2440 non
443 2419 629 2453 generosas
653 2414 814 2450 tantum,
851 2409 915 2443 sed
976 2411 1114 2444 lebeias
1139 2422 1286 2456 quoque
1310 2411 1349 2443 in
1373 2410 1508 2454 palatio
1535 2409 1700 2451 alebant,
1734 2416 1773 2444 et

342 2452 554 2496 Scytharum
581 2456 753 2500 satrapis,
784 2457 815 2488 si
839 2467 933 2501 quan
961 2469 982 2491 ο
1017 2462 1202 2502 peterent,
1236 2456 1480 2490 collocabant:
1514 2457 1578 2502 qui
1599 2455 1771 2490 huiusce-

340 2498 440 2533 modi
464 2505 663 2534 commento
685 2506 722 2534 et
744 2502 811 2535 tali
835 2503 972 2536 ratione
997 2502 1156 2543 deliniti,
1179 2502 1308 2547 perdiu
1335 2503 1562 2548 quieverunt.
1609 2503 1681 2537 Sed
1697 2514 1770 2548 quo

339 2556 434 2579 anno
468 2546 626 2580 Michael
669 2547 862 2592 imperator
890 2549 1179 2594 Palaeologorum
1203 2548 1380 2582 secundus
1406 2557 1426 2581 e
1462 2549 1569 2582 rebus
1601 2549 1769 2584 humanis

341 2594 512 2633 excessit,
550 2598 688 2637 partem
722 2594 881 2628 Moesiae
918 2601 955 2628 et
985 2595 1140 2639 Odrysos
1168 2606 1281 2640 usque
1312 2594 1574 2640 Adrianopolin
1608 2596 1768 2632 incursa-

342 2643 449 2678 runt‚
473 2638 570 2672 haud
596 2650 721 2684 magna
745 2652 824 2673 cum
847 2642 1029 2684 pernicie,
1067 2641 1165 2687 quod
1187 2652 1339 2674 numero
1366 2642 1471 2685 pauci
1502 2639 1615 2679 erant2
1660 2642 1766 2677 Anno

340 2687 529 2730 sequenti,
562 2686 702 2720 iuniore
726 2687 941 2733 imperatore
967 2699 1072 2720 causa
1097 2687 1187 2720 belli
1216 2687 1385 2721 adversus
1413 2699 1517 2723 avum
1544 2689 1645 2723 iuxta
1669 2688 1767 2726 Gon-2
