1820 3164
309 75 417 144 540
826 93 1192 144 cmrAcqum

108 197 192 238 As.
210 198 295 243 ¹³40
310 191 512 250 ἀλλήλους
539 193 676 240 αὐτῶν
703 194 1013 252 διειλεγμένων,
1049 198 1142 240 ἐπεὶ
1165 200 1356 243 ἐδέδοκτο
1382 198 1735 262 παρακοιμωμένῳ

307 260 542 310 Βυζαντίου
570 257 644 300 καὶ
667 260 751 302 τῶν
777 258 911 316 νήσων
938 261 1174 319 ἐπιτρέπειν
1199 263 1274 320 τὴν
1300 261 1352 323 ἇρ
1355 264 1436 321 χήν
1463 262 1738 319 ἅμαζτοϊςὲκ

307 324 460 367 τούτων
485 322 662 378 ἐτησίοις
690 323 856 381 φόροις,
905 326 1132 383 γράμματα
1169 327 1374 386 ἐγράφετο
1400 329 1623 386 βασιλικοὶ,
1659 326 1738 389 ἅρ-

301 405 428 448 χοντα
472 383 769 432 ἀποδεικνύντα
813 390 1186 447 παρακοιμώμενον
1223 395 1300 436 τοῦ
1333 394 1480 439 στόλου
1516 397 1594 439 τοῦ
1621 395 1735 440 ,κατὰ

267 454 508 511 ΟΠερσῶν,
551 452 624 498 καί
647 452 727 496 ἀπὸ
754 455 837 498 τῶν
875 458 1085 512 δημοσίων
1123 456 1336 502 κελεύοντα
1371 459 1600 515 λαμβάνειν
1624 475 1762 519 χρυ-5

300 520 394 565 σίου
429 519 643 574 μυριάδας
680 520 779 563 δέκα
816 517 924 564 ὥστε
963 521 1076 578 ἔχειν
1101 521 1147 566 ἔκ
1173 539 1219 566 τε
1250 523 1407 567 τούτων
1428 526 1511 583 [καὶ
1535 521 1617 574 aad
1653 527 1737 569 τῶν

301 585 443 638 ἰδίων,
496 583 564 639 ὥς]
581 581 786 640 ὑπέσχετο
800 619 814 640 ,
858 587 1043 644 τριήρεις
1067 604 1110 631 τε
1133 584 1462 646 παρασκευάζειν
1483 587 1556 633 καί
1574 588 1632 635 116
1660 607 1734 644 μι-

302 648 557 706 σθοφορικὸν
582 650 750 706 τρέφειν
777 649 822 694 τὸ
855 654 899 694 ἐν
925 652 1124 702 ταύταις.
1152 652 1244 697 ἐπεὶ
1272 656 1320 696 δὲ
1345 653 1399 696 τά
1428 670 1489 696 τε
1505 654 1733 712 γράμματα

301 714 465 771 εἰλήφει
498 713 571 756 καί
599 713 671 770 τήν
707 711 844 772 ἀρχὴν
870 717 1155 775 ἐνεχειρίσθη,
1199 718 1305 774 πρὸς
1326 718 1560 771 Βυζάντιον
1583 718 1733 774 ἐλθών,

302 779 356 823 τοὶ
378 781 455 834 μὲν
475 778 670 834 βασιλικοὶ
691 781 917 836 γράμματα
947 783 997 824 οὔ
1021 786 1254 840 παρέσχετο
1283 784 1640 839 ἀναγινώσκεσθαι
1667 787 1787 835 ἒπίο

304 845 541 901 ἐκκλησίας,
584 844 643 894 ὥς
665 840 718 887 ἂν
750 846 895 890 εἰδεῖεν
918 846 1069 898 πάντες
1101 849 1158 900 ὥς
1175 851 1248 906 τῆς
1275 845 1556 906 περίαὖτούς
1577 847 1742 901 εὖνοίας

304 909 367 965 εἴη
389 910 461 952 καί
485 910 729 964 κηδεμονίας
752 914 956 964 βασιλέως
983 912 1006 955 ὅ
1032 913 1178 964 στόλος
1203 914 1332 970 ἔργον
1361 912 1408 956 ἔκ
1433 929 1476 957 τε
1506 916 1590 959 τῶν
1618 918 1743 970 βασι-

307 976 432 1018 λικῶν
459 973 684 1031 χρημάτων
717 976 743 1031 ἦ
770 976 956 1034 δαπάνη,
998 980 1068 1021 ἵνα
1094 981 1168 1022 καί
1192 977 1219 1036 ἦ
1251 976 1441 1036 εὐφημία
1469 982 1553 1023 τῶν
1577 981 1742 1031 πολλῶν

311 1042 387 1083 καί
404 1038 425 1083 ὃ
445 1039 613 1091 ἔπαινος
629 1040 734 1097 πρὸς
752 1045 927 1096 βασιλέα
951 1040 989 1102 ᾗ.
1045 1043 1150 1087 α’λλά
1181 1047 1316 1089 ταῦτα
1345 1045 1423 1099 μὲν
1452 1045 1632 1103 ἀφανείᾳ
1657 1062 1738 1088 πα-

268 1107 504 1163 Βρεδίδου·
533 1148 535 1151 f
559 1104 684 1157 αὐτὸς
717 1108 764 1149 δὲ
792 1105 843 1150 τοὶ
872 1110 949 1162 μὲν
984 1107 1178 1164 βασιλικοὶ
1216 1108 1416 1166 χρήματα
1442 1108 1559 1165 παρὰ
1584 1111 1668 1152 τῶν
1693 1107 1796 1152 τοὶίό

177 1176 222 1212 V.
237 1176 304 1210 262
317 1171 494 1227 δημόσια
523 1165 794 1228 πραττόντων
814 1175 1039 1228 λαμβάνων
1071 1174 1213 1232 κρύφα
1223 1209 1237 1229 ,
1280 1174 1440 1218 οἴκοθεν
1473 1175 1531 1217 δὲ.
1552 1175 1744 1231 α’ναφαν-

311 1235 385 1279 δὸν
402 1236 788 1293 μεταπεμπόμενος,
829 1239 1008 1295 ἐπλήρου
1036 1239 1113 1290 τὰς
1140 1240 1338 1297 τριήρεις.
1366 1242 1412 1292 ἐξ
1435 1234 1493 1283 ὧν
1519 1238 1648 1290 αὐτὸς
1664 1240 1744 1293 μὲν

310 1303 490 1358 ἐθηρᾶτο
511 1300 585 1356 τήν
612 1303 734 1354 δόξαν
756 1302 829 1358 τήν
850 1303 965 1361 παρὰ
988 1306 1060 1347 τοῦ
1085 1305 1287 1361 πλήθους,
1311 1307 1384 1347 καί
1410 1302 1539 1356 πολύς
1570 1299 1622 1361 ἦν
1649 1301 1745 1363 ᾀδό-

311 1382 432 1420 μενος
450 1365 563 1421 παρὰ
597 1367 721 1409 πᾶσιν
744 1368 799 1417 ὥς
819 1371 900 1410 τῶν
920 1369 1077 1411 οἰκείων
1100 1371 1150 1411 οὖ
1182 1369 1424 1425 φειδόμενος
1451 1363 1552 1412 οὔτε
1577 1369 1745 1424 χρημά-

313 1446 398 1472 των
423 1425 515 1471 οὕτε
547 1429 680 1473 πόνων
710 1432 815 1488 ὑπὲρ
840 1433 919 1474 τῶν
951 1434 1063 1489 κοινῇ
1089 1432 1432 1475 λυσιτελούντων.
1486 1437 1656 1488 βασιλεῖ’
1684 1435 1798 1488 δὲ,20

315 1491 454 1551 ὥσπερ
483 1492 604 1548 εἰκός,
632 1496 919 1551 προσετρίβετο
947 1495 1022 1552 τήν
1048 1499 1211 1551 μέμψιν
1239 1495 1403 1539 καὶτὸν
1424 1496 1656 1552 γογγυσμὸν
1673 1495 1745 1545 τὸν

121 1581 139 1604 q
316 1558 432 1616 παρὰ
459 1559 540 1602 τῶν
566 1562 729 1603 πολλῶν
768 1561 824 1611 ὥς
851 1563 933 1603 τῶν
959 1560 1280 1603 λυσιτελούντων
1318 1560 1516 1616 ὑπηκόοις
1539 1563 1747 1617 μηδεμίαν

317 1627 549 1682 ποιουμένῳ
577 1624 787 1681 πρόνοιαν.
842 1622 955 1680 ὅμως
983 1627 1029 1667 δὲ
1055 1625 1276 1682 πληρώσας
1301 1624 1375 1676 τὰς
1402 1624 1584 1682 τριήρεις
1609 1628 1748 1683 περιέ-

319 1695 470 1734 πλευσε
496 1689 571 1740 τὰς
597 1689 745 1746 νήσους
770 1693 896 1747 μέχρι
924 1691 1057 1744 Χίου,
1105 1689 1179 1733 καὶ
1212 1690 1350 1733 ἒννέακ
1367 1690 1492 1733 ναυσὶ
1517 1694 1747 1748 Περσικαῖς

323 1803 543 1849 colloquium
566 1804 678 1844 istuc,
702 1802 766 1835 ubi
795 1807 929 1836 certum
953 1802 1045 1843 fuit,
1069 1801 1279 1847 Apocaucho
1293 1801 1455 1846 Byzantii
1477 1802 1748 1857 insularumque

320 1849 577 1894 praefecturam
601 1861 681 1882 cum
709 1861 828 1883 earum
852 1849 1085 1894 vectigalibus
1111 1850 1357 1890 committere,
1383 1849 1656 1883 instrumentum
1681 1861 1748 1883 un-

322 1897 496 1941 peratoris
519 1897 663 1929 nomine
683 1895 884 1929 confectum
906 1901 981 1936 est,
1006 1907 1076 1941 quo
1101 1895 1164 1928 ille
1189 1895 1309 1928 classis
1332 1899 1455 1928 contra
1477 1895 1598 1928 Persas
1622 1894 1748 1930 ductor

326 1942 579 1988 designabatur
616 1947 654 1976 et
677 1942 722 1976 de
757 1942 893 1975 aerario
918 1946 1062 1975 centum
1085 1952 1272 1975 aureorum
1294 1941 1408 1974 millia
1431 1951 1568 1975 sumere
1593 1941 1748 1975 iubeba-

324 1994 402 2029 tur,
428 1994 468 2022 ut
491 1988 576 2022 hinc
600 1993 636 2022 et
662 1999 706 2022 ex
729 1989 902 2033 propriis,
935 1988 1032 2033 quod
1053 1988 1313 2033 pollicebatur,
1345 1990 1507 2022 triremes
1530 1992 1749 2032 compararet

327 2046 368 2068 ac
398 2036 622 2069 mercenariis
655 2034 833 2068 militibus
865 2033 909 2066 de
944 2034 1039 2067 victu
1069 2033 1283 2078 provideret.
1346 2033 1410 2067 His
1433 2033 1563 2067 litteris
1591 2031 1746 2078 acceptis

329 2086 367 2114 et
397 2081 655 2125 praefecturam
681 2085 892 2115 consecutus
908 2105 917 2121 ‚
947 2080 1151 2123 Byzantium
1175 2080 1294 2113 venit:
1330 2091 1397 2114 nec
1423 2091 1481 2113 eas
1505 2080 1544 2113 in
1568 2084 1746 2115 conventu
1780 2112 1782 2114 .

325 2128 490 2172 legendas
515 2127 694 2169 exhibuit,
720 2133 759 2160 ut
786 2137 907 2160 omnes
931 2132 1089 2168 nossent,
1114 2127 1258 2160 classem
1281 2125 1529 2172 imperatoriae
1560 2135 1641 2171 erga
1662 2125 1747 2159 illos

326 2173 602 2207 benevolentiae
625 2185 666 2207 ac
688 2172 926 2208 solicitudinis
951 2184 1039 2218 opus
1065 2184 1152 2214 esse,
1176 2177 1426 2218 sumptumque
1450 2171 1495 2206 de
1521 2171 1746 2216 imperatoris

327 2220 481 2264 pecunia
507 2220 751 2265 suppeditari:
787 2230 856 2265 quo
881 2219 1031 2264 proinde
1067 2219 1171 2253 illum
1202 2219 1326 2263 vulgus
1361 2217 1746 2263 admurmurationibus

329 2271 366 2299 et
388 2265 554 2299 laudibus
587 2272 880 2312 prosequeretur:
915 2266 978 2299 sed
1013 2277 1072 2299 eas
1110 2265 1255 2312 quidem
1280 2264 1489 2298 occultavit:
1522 2263 1599 2309 ipse
1623 2276 1700 2297 cum
1724 2275 1746 2298 a

328 2312 575 2358 quaestoribus
598 2313 688 2346 clam
711 2313 898 2358 pecuniam
922 2312 1109 2356 acciperet,
1131 2312 1238 2346 domo
1264 2322 1326 2344 sua
1342 2309 1528 2344 manifeste
1552 2311 1657 2345 aliam
1679 2321 1747 2356 pe-

327 2359 428 2391 tebat
469 2364 505 2392 et
534 2359 694 2392 triremes
718 2357 938 2393 instruebat:
975 2370 1015 2391 ac
1036 2359 1244 2404 popularem
1269 2368 1388 2391 auram
1413 2356 1577 2400 captabat
1599 2368 1746 2402 magno-

355 2415 484 2449 ereque
513 2405 760 2439 celebrabatur
783 2405 828 2438 ab
853 2404 1037 2445 omnibus,
1074 2405 1171 2450 quod
1194 2415 1261 2437 nec
1294 2403 1455 2448 pecuniis
1479 2403 1552 2436 suis
1592 2414 1659 2436 nee
1689 2403 1744 2450 la-

325 2416 475 2484 {oribus
506 2451 722 2485 adiuvandae
749 2451 968 2496 reipublicae
999 2462 1103 2484 causa
1126 2454 1295 2496 parceret.
1341 2449 1471 2481 Contra
1493 2449 1743 2492 imperatorem

327 2502 464 2538 autem,
494 2503 535 2531 ut
568 2503 642 2532 erat
671 2503 966 2537 consentaneum,
998 2496 1094 2542 apud
1129 2497 1271 2542 plebem
1305 2495 1470 2540 querelae
1493 2505 1743 2541 murmuraque

328 2544 594 2585 excitabantur,
619 2549 658 2577 ut
682 2544 744 2590 qui
765 2544 1006 2578 subiectorum
1030 2543 1212 2579 commoda
1235 2541 1334 2575 nullo
1361 2542 1440 2574 loco
1464 2539 1624 2578 haberet.
1644 2540 1742 2586 Apo-

329 2590 481 2623 cauchus
517 2591 696 2624 instructis
729 2590 932 2624 triremibus
966 2590 1100 2623 insulas
1135 2600 1247 2635 usque
1272 2586 1400 2620 Chium
1423 2587 1742 2632 circumnavigans,

330 2648 408 2669 cum
437 2638 476 2670 in
512 2647 638 2670 novem
671 2636 823 2671 Persicas
862 2648 966 2670 naves
1003 2635 1207 2676 incidisset,
1239 2635 1282 2667 iis
1316 2645 1393 2667 cum
1421 2633 1506 2681 ipsis
1541 2632 1743 2668 vectoribus
