1786 3126
299 101 363 156 18
816 109 1182 153 CANTACUZENI

104 221 280 258 A.C.132o
295 218 489 274 πρότερον
522 216 648 257 τύπον
675 213 878 255 ἐκθέσθαι
911 214 986 254 τοῦ
1021 208 1164 267 ὅρκου·
1196 209 1318 252 τοῦτο
1358 209 1409 264 δὴ
1443 212 1543 267 παρ’
1575 204 1714 264 οὔτῶν

291 281 493 338 γνωρίσας
524 278 545 322 ὃ
576 278 738 326 πάππος
781 275 854 319 καὶ
892 276 1110 331 βασιλεὺς,
1140 276 1301 331 βαρέως
1339 276 1418 327 μὲν
1459 268 1602 331 ἤνεγκε
1627 276 1712 332 ,τὴν

289 349 362 397 τοῦ
386 343 535 401 ἀνδρὸς
559 339 812 400 παῤῥησίαν,
849 344 924 383 τοῦ
950 343 996 383 δὲ
1028 339 1087 396 μή
1119 356 1212 382 τινα
1237 338 1424 395 ταραχὴν
1448 341 1623 396 ποιῆσαι
1638 340 1715 397 τὴν

289 410 392 466 πρὸς
413 411 567 452 ἐκεῖνον
589 407 789 461 ἔνστασιν,
819 407 1082 462 συνεχώρησε
1109 403 1183 446 καί
1209 403 1350 453 αὐτός.
1371 402 1427 447 ‘0
1452 407 1597 459 μέντοι
1623 407 1714 456 νέος
1774 454 1777 465 ,

283 471 545 530 Ἀνδρόνικος
575 474 708 515 ταῦτα
727 470 900 527 μαθών,
930 470 1081 526 ἐπλήγη
1111 472 1190 524 μὲν
1220 470 1412 525 σφοδρῶς
1445 469 1522 526 τὴν
1551 469 1760 526 ψυχὴνῤΙ

287 537 362 594 τὴν
385 536 518 594 ἀρχὴν
549 539 631 580 τῶν
658 537 856 580 τοιούτων
886 536 1138 593 πραγμάτων
1170 535 1229 584 εἷς
1257 530 1386 595 αὐτοῦ
1415 535 1712 593 καταστροφὴν

288 599 599 656 ἀποβλέπουσαν
631 604 802 655 ἐννοῶν,
827 599 951 658 ἔφερε
981 603 1027 644 δὲ
1050 599 1096 642 τὸ
1121 595 1239 654 ἄλγος
1266 601 1385 655 σιγῇ,
1428 597 1573 654 θυμὸν.
1591 598 1712 654 ἔδων,

290 670 387 709 καθ’
404 665 606 723 (Όμηρον,
640 666 713 717 καί
731 664 827 710 οὐδὲ
858 667 959 724 λόγῳ
986 667 1084 720 γοῦν
1111 667 1267 707 ἐθέλων
1289 666 1421 716 δοκεῖν
1445 661 1711 715 ἆπαυθαδιά,

186 741 219 776 P.
236 738 279 778 14
292 733 375 785 ζειν
394 731 494 788 πρὸς
514 729 584 774 τὸν
605 732 768 774 πάππον
784 730 856 773 καί
881 733 1069 786 βασιλέα.
1113 731 1262 779 ἐκεῖνος
1283 732 1363 783 μὲν
1389 723 1464 773 οὗν
1494 725 1618 779 οὗτοι
1638 746 1712 771 κα-

282 797 412 851 θῆστο
443 798 560 852 σιγῇ·
591 793 649 846 εἷς
674 798 722 838 δέ
743 812 805 845 τις
830 798 912 837 τῶν
944 798 1009 838 ἐπ’
1042 791 1219 852 εὐγενείᾳ
1243 795 1614 850 λαμπρυνομένων,
1640 792 1764 842 καίιο

279 864 354 914 τὰς
377 861 517 918 σειρὰς
534 859 734 904 ἑλκόντων
755 862 829 903 τοῦ
852 862 995 914 γένους
1018 858 1227 916 μητρόθεν
1250 861 1328 912 μὲν
1350 860 1394 910 ἐξ
1416 857 1607 912 αἱμάτων
1629 861 1709 913 βα.-

279 929 471 980 σιλικῶν,
495 924 647 982 πατρὸς
673 927 720 967 δὲ
743 921 801 967 ὢν
829 930 927 974 παῖς
949 925 1022 966 τοῦ
1056 922 1170 980 παρὰ
1200 929 1287 972 τοῖς
1315 924 1529 976 Κομάνοις
1550 919 1711 978 εὐγενε-

282 994 433 1035 στάτου
444 1024 458 1045 ,
492 991 535 1033 οἳ
565 988 888 1046 προσεχώρησαν
912 989 1108 1046 Βατάτζῃ
1133 990 1190 1046 τῷ
1209 992 1377 1042 βασιλεῖ
1400 987 1709 1044 τῆς“Ρωμαιὶον

282 1056 494 1111 βασιλείας
515 1057 796 1112 ἐπειλημμένῳ
809 1088 821 1109 ,
843 1053 1046 1108 Συτζιγὰν
1072 1056 1334 1110 βαρβαρικῶς
1353 1054 1632 1107 καλουμένου,
1662 1056 1710 1096 ἐκ

280 1125 328 1164 δὲ
360 1124 434 1163 τοῦ
459 1118 538 1162 άπὸ
568 1122 642 1162 τοῦ
670 1119 788 1174 ἁγίου
819 1119 1083 1176 φωτίσματος
1115 1116 1242 1172 αὐτὸν
1267 1115 1568 1172 ἀναδεξαμένου
1597 1121 1762 1175 Eup-15

278 1185 419 1241 γιάννη
450 1185 757 1240 ἐπικληθέντος·
789 1184 937 1226 τούτου
980 1182 1029 1238 δὴ
1065 1186 1139 1226 τοῦ
1175 1182 1402 1240 Συργιάννη
1429 1188 1528 1232 παῖς
1557 1185 1710 1240 Συργι..

280 1250 399 1305 άννης
434 1246 581 1298 νυκτὸς
617 1250 675 1305 τῷ
697 1250 773 1305 νέῳ
794 1251 963 1303 βασιλεῖ
979 1246 1239 1304 προσελθών,
1266 1261 1308 1301 ·,,
1319 1247 1479 1297 πάντως
1509 1243 1714 1304 ἦκονσταί

281 1330 362 1367 σοι,
392 1315 566 1368 βασιλεῦ
576 1315 602 1331 ”
623 1312 705 1368 ἔφη
733 1311 823 1369 „td
844 1313 1176 1368 καινουργὴματα
1197 1312 1324 1364 ταυτὶ
1341 1311 1392 1354 τὰ
1407 1315 1503 1365 νέα,
1524 1311 1596 1354 καὶ
1613 1327 1709 1354 στο-

251 1396 277 1428 B
288 1380 493 1433 χάζεσθαι
511 1377 558 1419 τὰ
582 1380 695 1429 τέλος
715 1379 797 1419 τῶν
828 1378 1079 1434 πραγμάτων
1099 1379 1146 1420 ἐκ
1179 1379 1252 1432 τῆς
1283 1374 1414 1434 ἀρχῆς
1443 1372 1530 1419 ’όντι
1549 1379 1707 1435 συνετῷ

278 1459 345 1486 σοι
367 1443 575 1499 προσήκει.
605 1439 655 1485 οὗ
675 1444 751 1498 γάρ
775 1444 886 1485 ἐστιν
908 1443 1057 1495 εἰπεῖν,
1079 1442 1136 1491 ὥς
1157 1440 1178 1484 ὃ
1199 1442 1272 1492 σὸς
1302 1436 1465 1493 πάππος
1491 1442 1566 1485 καί
1585 1445 1762 1496 βασι-ης)

277 1507 372 1557 λεύς
392 1510 436 1559 ἐξ
457 1505 595 1556 ἇνοίας
614 1503 642 1562 ἢ
663 1504 852 1563 ἀπειρίας
873 1509 1049 1549 τοιαῦτα
1072 1503 1264 1563 προῆχθη
1284 1509 1411 1565 δρᾷν.
1445 1506 1467 1550 ὃ
1489 1505 1709 1564 παρελθών

276 1572 353 1629 γὰρ
375 1571 523 1629 χρόνος
545 1571 617 1613 καὶ
635 1571 854 1627 ἐμπειρίαν
876 1570 1026 1627 πολλὴν
1052 1570 1123 1613 καὶ
1142 1569 1377 1628 φρονήσεως
1398 1572 1513 1630 αὕτῷ
1531 1574 1707 1627 μέγεθος

369 1651 404 1677 2.
430 1638 449 1673 ὃ
470 1637 627 1675 πάππος
649 1638 791 1677 addidit
813 1638 855 1672 N.
997 1639 1029 1673 8.
1055 1638 1157 1672 Iliad.
1185 1637 1223 1678 ζ’.
1247 1639 1329 1673 ED.
1355 1638 1394 1672 Ρ.

277 1728 351 1750 non
375 1717 508 1751 iniuria
531 1717 647 1755 virum
671 1717 786 1754 acrius
807 1716 924 1754 obniti
950 1727 990 1750 ac
1004 1727 1199 1763 repugnare
1220 1721 1428 1758 cernentes,
1459 1721 1502 1750 ut
1518 1727 1557 1750 se
1575 1727 1620 1750 ex
1640 1727 1705 1750 an-

223 1763 227 1766 *
278 1764 381 1808 tiqua
410 1764 562 1796 formula
586 1768 805 1796 sacramento
830 1765 1088 1807 constringeret
1102 1787 1111 1803 ,
1134 1763 1295 1797 volentes
1315 1763 1550 1809 nolentesque
1566 1763 1704 1808 permi-

281 1813 414 1842 serunt.
472 1809 512 1841 ld
537 1809 643 1842 simul
676 1820 720 1841 ex
749 1809 793 1841 iis
827 1809 946 1842 senior
977 1809 1140 1850 rescivit,
1174 1808 1330 1842 hominis
1353 1807 1607 1842 confidentiam
1629 1809 1703 1841 ini-

281 1866 349 1899 que
369 1866 509 1898 passus,
549 1866 594 1887 ne
619 1860 738 1887 tamen
758 1855 788 1887 si
809 1854 912 1886 illum
941 1860 1118 1899 premeret
1147 1860 1361 1900 urgeretque
1379 1855 1551 1895 severius,
1579 1854 1704 1888 turba-

279 1912 357 1932 rum
387 1900 526 1946 aliquid
557 1900 771 1939 efficeretur,
820 1900 1083 1933 connivendum
1115 1905 1152 1932 et
1179 1901 1254 1944 ipse
1299 1900 1430 1935 enauit.
1463 1900 1583 1947 Nepos
1605 1911 1704 1934 com-

277 1951 379 1990 perto
413 1946 500 1990 quid
523 1951 707 1990 ageretur,
745 1946 842 1979 illico
877 1946 1034 1979 animum
1065 1946 1216 1991 graviter
1241 1957 1286 1978 vu
1303 1951 1471 1987 neratus,
1499 1948 1703 1990 prooemia-

279 2002 348 2036 que
377 1990 623 2024 huiuscemodi
650 1991 694 2023 ad
725 1992 942 2024 eversionem
970 1997 1078 2036 atque
1102 1991 1287 2024 interitum
1307 1989 1412 2026 'suum
1445 1997 1603 2036 spectare
1635 2004 1701 2025 au-

278 2042 442 2081 guratus,
476 2037 635 2070 dolorem
668 2037 811 2070 silentio
843 2037 1063 2076 dissimulat,
1101 2048 1161 2069 cor
1190 2048 1293 2070 suum
1319 2037 1526 2078 comedens,
1559 2043 1600 2071 ut
1624 2039 1702 2071 Ho-

277 2093 393 2114 merus
423 2083 496 2122 ait,
534 2094 574 2114 ac
594 2093 638 2114 ne
662 2082 779 2115 verbis
804 2082 948 2127 quidem
972 2088 1076 2115 tenus
1102 2083 1140 2115 in
1164 2093 1266 2116 avum
1297 2088 1488 2116 contumax
1511 2094 1552 2117 ac
1570 2095 1696 2130 super-

277 2127 343 2160 bus
364 2127 477 2160 videri
502 2127 657 2161 studens.
707 2128 824 2173 Atque
844 2128 906 2159 ille
931 2127 1077 2173 quidem
1101 2128 1152 2161 sic
1176 2129 1307 2161 tacitus
1330 2128 1488 2170 sedebat,
1514 2141 1593 2163 cum
1615 2131 1699 2176 qui-

278 2173 359 2206 dam
385 2174 580 2217 perillustri
604 2174 768 2217 prosapia
799 2173 992 2214 oriundus,
1039 2175 1096 2207 cui
1119 2179 1317 2208 maternum
1344 2186 1452 2219 genus
1478 2186 1498 2208 e
1526 2177 1698 2221 sanguine

279 2220 519 2263 imperatorio,
538 2225 639 2263 pater
656 2224 776 2251 autem
792 2219 886 2263 apud
898 2220 1084 2260 Comanos,
1103 2219 1165 2265 qui
1181 2221 1305 2253 Ioanni
1318 2221 1484 2254 Batatzae
1503 2221 1694 2266 imperium

278 2266 475 2308 capessenti
498 2276 535 2298 se
554 2264 777 2304 dediderant,
796 2264 1054 2307 nobilissimus,
1076 2265 1225 2299 barbare
1243 2266 1418 2312 Sytzigan,
1448 2268 1594 2301 nomine
1613 2279 1697 2302 vero

278 2311 375 2351 eius,
421 2311 484 2356 qui
510 2311 626 2356 ipsum
651 2321 670 2343 e
699 2322 797 2343 sacro
823 2311 922 2344 sonte
954 2316 1177 2356 susceperat,
1214 2312 1425 2358 Syrgiannes
1447 2320 1694 2358 nuncupatus:

276 2355 382 2389 huius
409 2357 533 2402 itaque
560 2356 764 2401 Syrgiannis
790 2357 884 2390 filius
912 2359 1006 2401 patri
1033 2358 1272 2402 cognominis,
1308 2364 1416 2392 noctu
1443 2360 1696 2405 imperatorem

276 2408 443 2447 nepotem
462 2414 540 2436 cum
564 2404 806 2443 convenisset,
836 2403 1039 2437 istiusmodi
1067 2404 1184 2437 verbis
1211 2415 1293 2438 eum
1322 2408 1447 2438 affatus
1470 2411 1546 2440 est:
1577 2406 1694 2440 Credo

276 2448 462 2493 equidem,
494 2450 704 2493 imperator,
748 2460 857 2482 novas
885 2448 990 2483 hasce
1018 2449 1300 2485 machinationes
1325 2451 1394 2485 tibi
1418 2452 1526 2496 plane
1554 2452 1694 2487 auditas

276 2504 352 2527 esse
365 2520 374 2535 ,
409 2500 446 2527 te
464 2500 603 2535 autem,
639 2501 679 2527 ut
696 2495 843 2528 minime
866 2497 1035 2536 stultum,
1060 2507 1215 2541 quonam
1236 2508 1291 2530 res
1309 2499 1374 2531 tali
1401 2509 1526 2531 exorsu
1547 2507 1694 2532 evasura

275 2540 342 2580 sit,
367 2541 568 2574 coniectura
592 2540 779 2585 providere
797 2541 908 2574 decet.
963 2541 1058 2574 Illud
1073 2543 1233 2587 profecto
1253 2543 1324 2577 dici
1341 2555 1414 2576 non
1432 2549 1562 2588 potest,
1589 2555 1692 2578 avum

274 2591 373 2619 tuum
396 2587 576 2620 dementia
599 2586 752 2632 quadam
775 2593 837 2619 aut
862 2588 1042 2631 imperitia
1062 2600 1178 2621 rerum
1204 2589 1274 2622 huc
1293 2591 1515 2635 prorupisse,
1551 2601 1630 2623 cum
1652 2601 1691 2623 se

272 2632 587 2675 prudentissimum
608 2634 1025 2678 experientissimumque
1053 2635 1174 2667 inultis
1200 2635 1351 2669 antehac
1371 2637 1542 2681 exemplis
1556 2635 1690 2680 proba-

272 2680 373 2714 verit.
421 2679 510 2712 Nam
525 2680 595 2713 nisi
614 2680 713 2724 prius
732 2679 996 2714 constabilisset
1016 2686 1053 2714 et
1071 2683 1339 2725 communisset,
1374 2693 1479 2728 quem
1499 2681 1689 2727 splendida
