1820 3164
620 127 998 172 ms'romARum
1036 127 1089 168 11.
1117 130 1187 172 ao.
1496 101 1612 160 551

143 234 225 285 ,ὥς
254 234 302 278 δὲ
323 231 543 277 §adeona
574 230 814 288 οὐδέτεροι,
845 229 935 272 ἀλλ’
967 224 1053 284 δ’,τε
1077 223 1290 284 Βαρλαὰμ
1317 226 1610 283 διεφθαρμένα
1625 231 1709 268 Α.0.
1732 232 1814 280 ι34ι

167 299 409 357 ἰσχυρίζετο
444 293 699 348 δοξάζοντας
735 296 971 347 ἀποδείξειν
1004 291 1237 351 Γρηγόριον
1271 293 1346 334 καί
1381 288 1484 342 τούς
1522 291 1623 347 περὶ

166 361 296 410 utitor
326 360 403 406 καὶ
435 361 664 405 ἕπέσπευδε
693 359 769 416 την
802 362 940 417 δίκην,
979 357 1064 414 ἅτε
1113 361 1155 402 Γ
1150 359 1345 416 ρηγόριος
1381 357 1621 409 ἀδικεῖσθαι

165 431 380 474 διετείνετο
409 426 482 470 καὶ
499 425 538 469 οἱ
564 428 662 483 περὶ
685 424 814 469 αὖτὸν
845 429 918 469 καί
942 421 1094 482 ἤθελον
1115 427 1188 469 ἐπὶ
1207 426 1279 481 τῆς
1303 425 1418 480 δίκης
1441 421 1621 472 ἑαυτοὺς

139 493 430 552 5ἔγκλημάτων
465 490 686 546 ἀπολύειν,
733 491 918 535 συνιδών
948 492 1021 535 καί
1048 492 1069 536 ὅ
1104 489 1302 547 βασιλεῦς
1342 488 1399 541 ὥς
1439 490 1622 544 ἐλέγχων

163 563 300 618 χωρὶς
323 556 400 603 οὗκ
427 554 480 603 ἂν
509 559 678 603 δύναιτο
704 559 861 601 ιπαύειν
894 558 970 615 την
990 560 1274 617 φιλονεικίαν,
1320 558 1516 614 ἐπέτρεπε
1544 552 1624 612 τήν

164 626 354 671 σύνοδον.

270 691 330 747 μ’.
384 693 481 737 Καὶ
513 692 669 746 γίνεται
712 689 819 733 κατὰ
854 689 930 734 τὸν
962 695 1079 734 θεῖον
1105 692 1179 748 τῆς
1216 692 1294 733 τοῦ
1321 691 1423 732 θεοῦ
1451 688 1613 746 Σοφίας
1629 689 1664 724 Ρ.
1680 687 1751 728 334

163 757 283 806 νεών.
309 759 383 801 καί
397 758 721 814 προκαθημένου
743 758 950 812 βασιλέως
977 757 1051 800 καὶ
1086 756 1281 801 Ἰωάννου
1310 757 1387 798 τοῦ
1410 754 1613 811 πατριάρ-
1623 757 1663 793 V.
1680 759 1747 804 267

114 840 263 880 ιοχου,
285 825 360 868 καὶ
383 823 469 867 τῶν
491 826 648 867 λοιπῶν
671 824 903 880 ἀρχιερέων
936 823 1009 866 καί
1041 825 1126 867 τῶν
1157 825 1203 867 ἐν
1228 826 1338 865 τέλει
1356 822 1520 864 πολλῶν
1542 818 1615 863 καί
1622 827 1649 864 Β

163 890 446 947 συγκλητικῶν
488 887 873 947 συνεδριαζόντων,
910 893 1044 946 λέγειν
1075 890 1100 933 ὅ
1152 887 1369 944 Βαρλαοὶμ
1409 886 1621 943 ἐπετράπη

162 957 339 1013 πρῶτος·
367 957 524 1005 ἐκεῖνος
557 953 639 1013 γὰρ
681 949 733 1012 ἦν
760 954 782 998 ὅ
821 958 862 998 Γ
861 955 1056 1013 ρηγόριον
1084 954 1157 999 καὶ
1183 956 1282 1004 τοὺς
1316 951 1526 1009 μοναχούς
1545 951 1621 1008 τὴν

163 1020 426 1080 διαστροφήν
443 1024 525 1065 τῶν
544 1020 760 1077 δογμάτων
785 1023 980 1077 ἐγκαλῶν.
1038 1019 1171 1065 πολλοὶ
1207 1023 1254 1063 δὲ
1283 1019 1485 1076 πρότερον
1513 1019 1622 1068 διεξ-

162 1086 302 1131 ελθών
338 1089 414 1132 καὶ
451 1087 526 1145 τὴν
569 1089 712 1131 αἰτίαν
746 1084 823 1144 ἀφ’
852 1082 902 1144 ἧς
930 1089 1037 1145 πρὸς
1087 1089 1226 1131 ταῦτα
1265 1083 1432 1143 ὥρμητο
1477 1086 1621 1140 διηγη-

110 1152 369 1209 ιόσοὶμενος,
395 1153 541 1198 ἔπειτα
559 1153 633 1198 καὶ
649 1153 700 1197 τὸ
723 1156 913 1211 βιβλίον,
942 1151 966 1196 ὃ
992 1157 1092 1212 περὶ
1117 1151 1276 1197 τούτων
1307 1149 1360 1208 ἦν
1386 1166 1617 1207 συγγεγρα-

162 1219 277 1278 φώς,
313 1222 540 1278 παρείχετο
574 1220 938 1276 ἀναγινώσκεσθαι
954 1237 966 1249 ·
1003 1220 1098 1263 ἐπεὶ
1135 1221 1184 1262 δὲ
1228 1219 1472 1274 α’νεγνώσθη
1513 1217 1620 1270 πᾶν,
1680 1242 1681 1245 =

159 1282 269 1329 ἄλλα
295 1301 344 1329 τε
373 1287 563 1341 ἐπεῖπεν,
592 1284 672 1330 ὅσα
699 1283 817 1345 αὐτῷ
838 1285 976 1345 ἐδόκει
1004 1286 1111 1344 πρὸς
1131 1284 1186 1328 τὰ
1221 1285 1473 1342 προκείμενα
1499 1286 1622 1324 λυσι-

158 1357 317 1408 τελεῖν,
340 1351 415 1396 καὶ
436 1357 676 1397 τελευταῖον
704 1351 959 1409 κατηγόρηκε
984 1356 1071 1396 τῶν
1095 1354 1302 1406 μοναχῶν
1333 1350 1391 1400 ὥς
1423 1346 1523 1391 οὐδὲ
1544 1345 1622 1403 τὴν

159 1417 313 1476 εῧχὴν,
338 1415 392 1475 ἣν
429 1417 559 1462 αὖτοί
580 1436 714 1477 φασιν
759 1414 970 1474 εὔχεσθαι
1017 1422 1115 1461 καθ’
1157 1415 1354 1470 ἑαυτοὺς,
1394 1413 1661 1467 ἅνελλιπῶςῦ

106 1485 427 1541 ποπροφέρουσι
460 1487 534 1529 καὶ
570 1486 879 1543 προσηκόντως,
923 1484 1029 1528 ἄλλοί
1059 1501 1173 1536 τινος
1195 1481 1440 1540 προσθήκης
1475 1481 1621 1534 δεομέ-

161 1566 259 1607 νην,
286 1548 342 1608 ἢν
366 1551 520 1602 ἐκεῖνος
540 1551 803 1610 προσετίθει,
830 1552 879 1594 τὸ
910 1554 1078 1606 ἐνδέον,
1108 1551 1167 1600 ὥς
1199 1548 1404 1607 ἔφασκεν,
1434 1548 1620 1602 ἀναπλη-

162 1617 264 1674 ρῶν.
316 1614 423 1669 μετὰ
456 1619 607 1660 τοῦτον
642 1619 690 1660 δὲ
727 1617 801 1659 καί
839 1616 879 1659 οἱ
906 1620 1095 1672 μοναχοί
1128 1616 1234 1673 πρὸς
1270 1613 1349 1663 τὰς
1374 1613 1621 1668 κατηγορίας

161 1682 458 1740 ἐπετράπησαν
497 1683 814 1739 ἀπολογεῖσθαι.
882 1685 976 1728 ἐπεὶ
1018 1685 1057 1725 δ’
1085 1679 1249 1725 ἑαυτῶν
1290 1683 1438 1724 ἐκεῖνοι
1461 1681 1503 1721 Γ
1499 1676 1620 1734 ρηγό-

161 1763 254 1806 ριον
281 1747 594 1807 προεστήσαντο
634 1747 709 1798 τὸν
735 1752 979 1804 Παλαμᾶν,
1024 1746 1086 1806 (ἧν
1113 1747 1192 1805 γάρ
1234 1745 1284 1804 δη
1307 1748 1392 1789 τῶν
1411 1740 1550 1793 ἄλλων
1569 1743 1619 1785 οὗ

161 1873 386 1909 coneierent.
431 1871 525 1906 cum
551 1876 674 1906 autem
697 1871 808 1906 verba
833 1872 872 1905 in
906 1876 1054 1906 ventum
1079 1871 1176 1906 irent
1197 1875 1235 1904 et
1257 1869 1463 1903 Barlaamus
1485 1878 1522 1902 se
1552 1866 1619 1901 do-

162 1925 305 1954 cturum
324 1919 546 1962 affirmaret,
576 1920 793 1965 Gregorium
815 1930 894 1952 cum
916 1918 1102 1952 monachis
1126 1918 1200 1952 suis
1222 1927 1388 1962 perverse
1405 1924 1533 1960 sapere
1547 1939 1558 1956 ,
1582 1918 1620 1947 et

161 1967 339 2001 indicium
359 1971 526 2012 urgeret,
559 1966 752 2012 Gregorius
786 1971 911 2000 contra
937 1977 1016 2000 cum
1040 1966 1113 1999 suis
1136 1966 1306 1998 iniuriam
1336 1962 1408 1996 sibi
1429 1962 1506 1996 fieri
1529 1972 1619 1994 con—

162 2013 332 2048 tenderet
361 2014 548 2059 velletque
573 2014 612 2046 iu
636 2013 773 2047 iudicio
806 2013 958 2047 crimina
984 2012 1151 2053 diluere,
1195 2011 1404 2053 intelligens
1425 2009 1620 2053 imperator

161 2062 435 2096 contentionem
463 2061 554 2095 citra
582 2061 816 2107 probationes
847 2060 966 2094 sedari
990 2071 1065 2094 non
1092 2069 1224 2104 posse,
1266 2055 1404 2102 synodo
1432 2055 1620 2102 negotium

162 2109 354 2144 commisit.

254 2155 311 2200 40.
357 2154 420 2188 Fit
441 2154 554 2199 igitur
577 2155 617 2188 in
649 2159 874 2188 sacrosancto
899 2153 1043 2187 divinae
1067 2149 1274 2198 Sapientiae
1298 2150 1433 2195 templo
1448 2149 1619 2194 synodus,

162 2201 380 2248 imperatore
405 2213 486 2234 cum
511 2201 644 2235 Ioanne
670 2201 874 2246 patriarcha
900 2199 1193 2246 praesidentibus
1208 2224 1218 2240 ,
1257 2198 1408 2244 reliquis
1435 2198 1614 2241 episcopis

162 2249 362 2296 multisque
386 2248 596 2294 proceribus
626 2254 663 2282 et
695 2248 924 2282 senatoribus
958 2246 1213 2281 assidentibus.
1261 2246 1362 2279 Prior
1386 2243 1532 2278 dicendi
1557 2244 1614 2277 lo-

163 2307 226 2330 cus
251 2296 436 2330 Barlaamo
462 2295 567 2329 datus
593 2300 667 2328 est:
707 2295 770 2329 ille
798 2294 979 2340 siquidem
1004 2294 1217 2339 Gregorium
1242 2297 1279 2325 et
1308 2291 1502 2325 monachos
1527 2302 1612 2335 pro-

161 2347 245 2388 pter
268 2342 472 2377 adulterina
508 2341 676 2387 dogmata
702 2342 742 2375 in
773 2342 951 2378 iudicium
975 2346 1175 2375 vocaverat.
1223 2338 1340 2373 Multa
1375 2338 1485 2383 igitur
1510 2348 1614 2380 prae·

164 2390 284 2431 fatus,
309 2395 348 2424 et
370 2401 498 2430 causa,
524 2400 618 2435 quae
642 2389 749 2422 illum
773 2388 845 2422 huc
870 2389 1096 2434 impulisset,
1130 2392 1273 2422 narrata
1290 2411 1300 2426 ,
1338 2384 1472 2418 deinde
1498 2384 1613 2417 libel-

163 2435 242 2482 lum
267 2436 313 2471 de
336 2438 383 2471 iis
406 2437 514 2470 rebus
543 2449 563 2470 a
587 2447 625 2470 se
653 2437 895 2480 conscriptum
918 2437 1104 2481 porrexit:
1136 2446 1207 2480 quo
1234 2439 1311 2467 toto
1338 2433 1383 2465 ab
1409 2432 1497 2476 ipsis
1525 2442 1614 2475 per·-

164 2483 283 2526 lecto,
306 2483 441 2518 adiecit
462 2484 559 2525 alia,
592 2494 684 2529 quae
711 2483 757 2517 ad
780 2494 855 2517 rem
880 2484 1102 2529 propositam
1125 2480 1393 2517 accommodata
1417 2478 1610 2512 sentiebat.

163 2530 348 2566 Postremo
372 2530 567 2565 monachos
593 2531 805 2565 criminatus
833 2535 911 2570 est,
937 2529 1035 2575 quod
1059 2540 1179 2576 neque
1206 2527 1448 2574 precationem
1466 2550 1475 2565 ‚
1501 2535 1612 2571 quam

165 2586 204 2613 ue
239 2579 423 2613 celebrare
456 2577 642 2618 dicerent,
681 2578 819 2623 absque
857 2576 1001 2610 defectu
1026 2581 1063 2611 et
1099 2575 1356 2610 convenienter
1388 2573 1613 2618 proferrent,

165 2622 230 2658 ned
263 2631 429 2670 egentem
463 2623 715 2658 'additamento
751 2624 897 2670 aliquo,
931 2623 1045 2670 idque
1077 2624 1155 2669 ipse
1191 2620 1408 2661 adiiciebat,
1445 2624 1486 2652 ut
1513 2617 1614 2664 quod

165 2669 308 2706 deesset
347 2671 554 2718 suppleret:
599 2672 651 2705 sic
687 2672 786 2705 enim
817 2670 948 2704 aiebat.
998 2671 1081 2705 Post
1116 2669 1206 2702 haec
1242 2666 1428 2700 monachis
1461 2675 1613 2709 respon-

166 2717 278 2756 «leudi
300 2724 459 2767 potestas
483 2719 588 2754 sacta.
638 2718 713 2765 Qui
738 2729 820 2753 cum
845 2717 1018 2764 Gregorio
1050 2716 1213 2754 Palamac
1237 2715 1306 2751 hoc
1330 2713 1478 2750 honoris
1501 2712 1610 2748 detti-
