1832 3138
359 123 462 178 ¹90
887 113 1260 162 CANTACUZENI

153 229 237 270 A.C.
256 229 342 266 1323
351 219 521 278 στρατιᾷ
546 219 790 274 περιέτυχον
810 218 1019 274 Σκυθικῇ,
1051 217 1297 274 ἀνδράποδά
1322 233 1369 261 τε
1398 220 1472 262 καί
1496 215 1784 280 λοιπὴνλειῖεν

349 284 502 342 ἀγούσῃ
529 282 698 339 πολλήν.
746 278 856 324 οὕτω
887 282 934 324 δὲ
960 284 1036 325 τοῦ
1065 281 1191 325 τόπου
1228 281 1542 339 παρασχόντος,4
1581 288 1671 335 τοῦ,-
1704 286 1784 339 μὲν

337 351 571 404 Ῥωμαίοις
599 347 626 403 ἢ
653 348 738 390 τῶν
764 348 942 390 Σκυθῶν
967 346 1144 403 στρατιοὶ
1175 343 1230 403 ἦν
1263 346 1524 404 καταφανὴς,
1563 348 1704 392 οῧκέτι
1735 351 1784 392 δὲ

344 417 418 458 καί
449 415 474 470 ἦ
498 413 727 466 Ῥωμαίων
761 412 916 462 αὐτοῖς.
965 413 1289 470 βουλευσαμένῳ
1321 411 1371 467 δή
1401 415 1459 470 τῷ
1491 417 1666 468 βασιλεῖ
1692 409 1783 467 ἅμα

344 482 402 537 τῷ
434 479 598 535 μεγάλῳ
628 478 878 535 δομεστίκῳ,
907 473 1040 518 ἐδόκει
1075 477 1302 533 ἐπιχειρεῖν
1327 474 1470 527 αὐτοῖς
1479 511 1492 532 ,
1530 477 1661 521 εἶκαὶ
1690 487 1811 535 τρι-5

344 547 546 594 πλασιόυς
570 540 597 600 ἢ
622 544 697 596 καὶ,
713 542 881 592 πλείους
902 543 984 585 τῶν
1007 543 1219 598 σφετέρων
1236 543 1477 596 ἐνομίζοντο
1500 546 1785 601 στρατιωτῶν

218 617 261 652 V.
285 617 330 662 95
344 607 453 667 ἦσαν
479 611 525 652 δὲ
546 609 596 651 οὔ
615 609 717 664 τρῖς,
746 607 855 650 ἀλλὰ
883 606 958 650 καί
977 606 1140 657 δεκάκις
1162 606 1289 650 τόσοι.
1315 604 1426 664 ἦσαν
1445 605 1528 664 γὰρ
1555 606 1679 664 ἐγγύς
1703 609 1788 651 αὖ-

343 678 428 719 τῶν
450 675 523 718 καί
545 676 674 731 ἕτεροι
690 673 1129 730 ἐστρατοπεδευμένοι,
1156 670 1230 721 οὓς
1252 672 1429 729 ἄφανεῖς
1448 672 1475 715 ὅ
1501 670 1648 730 Ἕβρος
1669 673 1788 717 ἐποί-

346 758 385 784 ει
402 743 615 796 κειμένους
640 740 739 796 παρ’
768 739 895 796 αὐτῷ,
925 739 968 781 οἳ
983 736 1314 794 προσεβοήθουν,
1341 739 1563 794 γενομένης
1581 741 1658 795 τῆς
1676 755 1787 792 συμ-

220 815 255 850 Ρ.
270 815 340 851 118
348 809 488 863 βολῆς.
518 803 624 848 οὕτω
647 806 693 847 δὲ
722 804 859 857 δόξαν,
886 802 960 845 καὶ
986 808 1075 853 τοῖς
1097 800 1371 859 στρατιώταις
1393 801 1470 859 τὴν
1486 801 1652 860 γνώμην
1674 805 1806 848 οἶκοι-ι

343 875 499 916 νοῦντο.
539 871 598 920 ὥς
628 871 674 912 δὲ
697 868 772 911 καὶ
800 865 946 917 αὐτοῖς
982 867 1118 910 ἐδόκει
1141 867 1333 923 μαχητέα
1359 864 1491 922 εἶναι,
1531 865 1608 911 καί
1622 869 1789 924 μᾶλλον,

343 934 454 994 ἦσαν
479 934 790 993 προθυμότεροι
812 935 891 976 τοῦ
912 935 1140 988 βασιλέως,
1181 934 1262 975 τῶν
1291 933 1430 976 ἵππων
1459 930 1686 988 ἀποβάντες
1713 933 1788 977 καὶ

343 1000 442 1045 θεὸν
469 999 835 1054 ἐπικαλεσάμενοι,
863 997 965 1048 τούς
983 1000 1064 1052 μὲν
1099 995 1255 1048 ἆδίκως
1280 997 1686 1056 ἐπιστρατεύσαντας
1715 1015 1786 1042 κο-

343 1066 560 1110 λάσασθαι
593 1067 668 1121 τῆς
706 1062 898 1118 ἀδικίας,
928 1064 1072 1114 αὐτοῖς
1095 1064 1141 1105 δὲ
1161 1065 1401 1120 τιμωρῆσαι
1426 1063 1598 1114 δικαίως
1627 1064 1798 1118 ἀμυνο--

342 1134 498 1186 μένοις,
527 1133 697 1188 σταυρῷ
719 1146 763 1173 τε
785 1130 1115 1179 καθοπλίσαντες
1130 1125 1329 1182 ἑαυτοὺς,
1357 1127 1535 1186 ἔφιπποι
1555 1127 1804 1185 γενόμενοι,χ

343 1196 522 1255 ἐπῄεσαν
551 1203 639 1246 τοῖς
668 1194 902 1251 βαρβάροις
934 1195 1125 1252 ἀτρέπτῳ
1161 1194 1235 1235 καί
1269 1192 1498 1253 παραβόλῳ
1532 1192 1786 1252 φρονήματι.

343 1260 472 1306 natavi
498 1261 660 1304 Σκύθαι
681 1259 836 1311 ἰδόντες
856 1260 1111 1317 ἀντεπῄεσαν
1136 1261 1210 1301 καί
1233 1255 1369 1302 αὖτοί·
1403 1259 1718 1316 προσεβοήθουν
1737 1262 1786 1303 δὲ

341 1330 417 1371 καί
436 1328 476 1370 οἱ
492 1326 614 1382 ἐγγὺς
630 1326 1068 1383 ἐστρατοπεδευμένοι.
1084 1323 1156 1367 καὶ
1169 1327 1390 1380 γενομένης
1410 1326 1552 1382 μάχης
1563 1327 1785 1383 καρτερᾶς,

340 1396 446 1436 θεοῦ
467 1394 790 1447 συμμαχοῦντος
819 1397 906 1441 τοῖς
938 1389 1184 1444 “Ρωμαίοις,
1215 1387 1444 1446 ἐτρέψαντό
1475 1407 1521 1434 τε
1549 1390 1648 1442 τούς
1675 1395 1785 1450 βαρ-

306 1472 334 1506 Β
345 1459 505 1515 βάρους
542 1456 616 1500 καὶ
642 1457 837 1512 ἐνίκησαν
869 1454 975 1498 κατὰ
997 1456 1157 1512 κράτος·
1206 1454 1280 1497 καί
1305 1455 1406 1505 τούς
1434 1458 1512 1510 μὲν
1541 1457 1832 1506 α’πέκτειναναό

343 1521 500 1577 αὗτῶν,
523 1521 620 1572 τούς
648 1524 695 1564 δὲ
718 1520 890 1570 λοιποὺς
914 1522 1143 1571 α’πέπνιξαν
1171 1521 1232 1570 εἷς
1251 1518 1324 1564 τόν
1348 1517 1496 1579 Ἕβρον
1520 1522 1786 1577 ἐμβαλόντες.

343 1588 607 1643 διεσώθησαν
639 1589 687 1629 δὲ
722 1588 774 1628 οὕ
808 1586 975 1636 πλείους
1003 1582 1109 1628 ‹im-ai
1144 1587 1217 1628 καί
1247 1585 1405 1629 εἴκοσιν
1437 1584 1600 1642 αὐτῶν,
1638 1589 1786 1641 οἵτινες

342 1651 527 1707 ἴσχυσαν
546 1650 824 1706 διανήξασθαι
846 1650 917 1701 τὸν
942 1648 1138 1710 ποταμόν.
1167 1649 1208 1692 οἱ
1230 1652 1278 1693 δὲ
1299 1651 1511 1704 “Ρωμαῐ”οι
1536 1652 1633 1703 τούς
1651 1668 1700 1705 τε
1717 1670 1785 1697 νε-

341 1716 467 1774 κρούς
496 1714 796 1766 σκυλεύσαντες
817 1717 898 1757 τῶν
922 1713 1144 1768 πολεμίων,
1167 1717 1239 1757 καί
1267 1713 1344 1770 τήν
1366 1711 1495 1772 ἄλλην
1522 1717 1784 1774 διαρπάσαν-

284 1816 291 1821 ..
341 1798 410 1831 τες
426 1779 686 1836 ἀποσκευὴν,
710 1779 785 1822 καί
815 1780 890 1835 τήν
911 1781 1026 1822 λείαν
1042 1781 1115 1821 καί
1136 1779 1236 1829 τούς
1255 1781 1548 1835 αἰχμαλώτους
1574 1782 1832 1840 λαβόντεςρᾶ

339 1842 440 1903 ἧκον
472 1847 532 1897 εἰς
563 1844 869 1900 Διδυμότειχον
903 1842 991 1899 ἅμα
1011 1846 1069 1902 τῷ
1092 1847 1268 1898 βασιλεῖ.
1304 1847 1389 1888 τῶν
1410 1847 1457 1889 δὲ
1486 1847 1783 1893 διασωθέντων

339 1950 411 1984 1οοί
438 1947 612 1982 videbant
633 1948 706 1994 ipsi
731 1948 901 1994 quidem,
936 1947 1000 1982 sed
1033 1948 1079 1982 ab
1115 1948 1190 1982 illis
1215 1947 1367 1982 minime
1400 1949 1625 1986 videbantur.
1683 1951 1782 1988 Con-

340 1997 437 2030 sulto
462 1999 562 2040 prius
584 2006 711 2041 magno
736 1995 956 2036 domestico,
988 1996 1103 2029 visum
1130 1996 1169 2028 in
1198 2006 1259 2029 eos
1283 1995 1459 2041 impetum
1490 1997 1599 2040 dare,
1634 2000 1780 2035 tametsi

341 2043 498 2088 amplius
522 2042 632 2086 triplo
658 2042 780 2086 plures
809 2042 1052 2086 apparebant:
1085 2046 1188 2075 erant
1210 2046 1329 2075 autem
1349 2042 1474 2086 plures
1499 2043 1631 2079 decies.
1688 2045 1780 2080 Nam
1807 2076 1811 2081 .

311 2088 317 2092 ”
341 2094 380 2122 et
403 2089 469 2121 alii
491 2089 593 2121 iuxta
617 2087 828 2129 tendebant,
856 2088 919 2133 qui
943 2099 1056 2133 prope
1075 2087 1236 2121 Hebrum
1257 2088 1455 2125 latitabant
1477 2095 1525 2132 et,
1549 2101 1670 2137 pugna
1693 2103 1779 2126 coe·

339 2140 416 2179 pta,
442 2146 503 2167 eos
535 2133 765 2167 adiuvabant.
825 2133 989 2168 Consilio
1023 2134 1203 2168 militibus
1227 2135 1428 2178 patefacto,
1460 2147 1539 2170 cum
1566 2144 1780 2183 congrueret

339 2181 487 2214 illorum
508 2181 673 2213 voluntas
698 2185 735 2213 et
762 2180 963 2222 sententia,
988 2191 1099 2226 seque
1118 2181 1332 2225 imperatore
1359 2181 1437 2227 ipso
1462 2178 1646 2228 pugnandi
1671 2186 1777 2231 cupi-

340 2227 460 2260 diores
485 2226 738 2267 ostenderent,
774 2226 819 2259 de
839 2227 942 2271 equis
969 2227 1257 2268 descenderunt,
1290 2227 1409 2260 Deum
1431 2230 1646 2274 suppliciter
1669 2243 1777 2265 oran—

338 2278 416 2314 tes,
450 2277 492 2306 ut
515 2277 588 2306 tam
613 2272 759 2318 iniquos
781 2272 1010 2316 praedatores
1036 2274 1167 2317 punire
1201 2279 1238 2306 et
1269 2273 1420 2307 iniurias
1453 2276 1548 2309 iuste
1584 2287 1623 2310 se
1647 2276 1777 2311 defen-

340 2319 504 2353 dentium
528 2318 653 2352 ulcisci
677 2318 797 2351 vellet„
849 2319 942 2351 Tum
965 2319 1065 2364 signo
1092 2320 1206 2354 crucis
1234 2320 1468 2362 communiti,
1501 2333 1640 2355 rursum
1663 2334 1776 2369 equos

340 2365 599 2406 ascenderunt,
638 2365 890 2411 constantique
924 2375 965 2398 ac
998 2365 1126 2398 fidenti
1163 2365 1283 2398 animo
1311 2366 1351 2399 in
1382 2365 1554 2401 barbaros
1584 2379 1621 2401 se
1643 2369 1776 2403 incita—

340 2417 435 2446 runt.
485 2410 639 2454 Scythae
661 2422 741 2444 curn
764 2410 832 2451 his,
861 2412 925 2456 qui
949 2411 1048 2444 haud
1074 2412 1202 2455 procul
1226 2411 1474 2454 considebant,
1499 2415 1576 2447 viso
1603 2415 1774 2457 Romano,

339 2464 465 2492 contra
502 2456 647 2502 gradum
682 2456 900 2490 inferebant.
962 2459 1085 2502 Pugna
1115 2462 1217 2490 atrox
1250 2459 1468 2501 conseritur3
1494 2461 1669 2502 Romani,
1694 2462 1773 2495 Deo

339 2505 551 2544 auxiliante,
577 2504 730 2536 victores
755 2502 932 2543 evadunt,
961 2504 1166 2548 partimque
1193 2502 1352 2536 hostium
1376 2510 1554 2547 mactant,
1577 2509 1708 2551 partim
1734 2509 1774 2542 in

338 2551 459 2597 sugam
480 2554 651 2591 vertunt,
691 2549 885 2594 partimin
909 2549 1045 2583 flumen
1078 2548 1240 2582 Hebrum
1270 2551 1494 2595 compellunt
1525 2563 1566 2586 ac
1596 2564 1773 2588 summer-

339 2603 449 2643 gunt:
483 2607 635 2643 quorum
673 2601 755 2629 octo
788 2600 825 2629 et
859 2595 987 2639 viginti
1019 2601 1162 2629 tantum
1189 2595 1364 2629 tranando
1394 2597 1505 2631 vitam
1532 2599 1771 2634 retinuerunt.

337 2643 491 2678 Romani
524 2641 755 2676 cadaveribus
795 2641 958 2685 spoliatis
1000 2642 1169 2687 vasisque
1220 2646 1258 2674 et
1293 2642 1440 2677 sarcinis
1474 2643 1645 2692 direptis,
1691 2656 1773 2680 cum

338 2689 473 2736 praeda
499 2693 537 2723 et
569 2688 742 2734 captivis,
777 2687 869 2722 duce
900 2687 1142 2733 imperatore,
1176 2687 1473 2733 Didymotichum
1499 2690 1652 2738 ingressi
1675 2697 1770 2728 sunt·
