1832 3138
313 132 416 209 1248
840 151 1210 194 CANTACUZEM

102 262 284 299 A.C.1322
298 256 378 311 κὰ,
416 253 703 307 ἀποστερήσας
734 253 815 304 μὲν
846 252 930 293 τῶν
950 245 1080 294 ὄντων
1115 249 1189 293 καὶ
1224 251 1388 292 παίδων
1421 252 1492 294 καί
1529 249 1736 306 γυναικὸς,

294 321 360 364 ἔτι
390 322 436 362 δὲ
467 318 546 360 καὶ
561 314 745 360 ὀδόντων
773 316 942 370 αὐτῶν,
971 320 1148 366 πολλαῖς
1181 331 1226 358 τε
1256 316 1410 367 αἰκίαις
1432 315 1665 368 καταξάνας
1686 314 1732 359 td

294 388 440 438 σῶμα,
477 381 551 424 καί
574 383 689 432 τέλος
719 377 856 438 ῶσπερ
884 380 978 424 τινα
1010 382 1093 423 τῶν
1125 382 1197 423 ἐπὶ
1220 377 1473 431 δεινοτάτοις
1489 375 1733 424 ἑαλωκότων

295 450 371 505 την
401 446 581 505 παρειὰν
619 445 891 496 κατακαύσας
913 445 1072 504 σιδήρῳ
1098 446 1157 495 ῶς
1181 448 1289 501 μηδὲ
1317 445 1394 496 τὰς
1417 446 1544 497 οὖλάς
1573 448 1731 498 ἐξαλει-

296 518 458 573 φθῆναι
491 515 727 565 advocatiae,-
763 510 869 562 ὅλως
904 514 949 555 δὲ
978 512 1025 555 τί
1046 529 1091 554 σε
1112 510 1156 554 τὸ
1178 511 1326 554 πεῖσάν
1353 513 1467 554 ἐστιν
1493 512 1600 568 ὑπὲρ
1625 511 1758 555 ἐκεί-5

294 595 367 623 νου
407 582 576 621 δεῖσθαι
585 582 625 631 ,·”
654 612 680 632 „
693 579 741 619 τί
761 575 867 620 δ’ἀν
895 576 959 632 εἴη
973 578 1145 630 μεῖζον”
1183 575 1364 632 ἔφασκεν
1389 571 1456 630 »ὦ
1477 579 1680 630 βασιλεῦ’,
1707 572 1732 632 ἢ

292 645 365 688 τὸν
401 639 515 686 οὔπω
540 645 643 697 χθὲς
675 641 747 701 καὶ
775 641 919 699 πρώην
951 643 996 684 ἐν
1024 647 1108 690 τοῖς
1143 638 1413 683 δουλεύουσιν
1445 640 1586 699 ἐκεινῳ.
1611 658 1734 683 τετα-

290 713 463 766 γμένον,
503 711 581 752 νῦν
611 711 671 758 εἰς
700 710 900 751 τοσοῦτον
927 704 1042 763 ἥκειν
1073 708 1372 766 περιφανείας,
1410 707 1516 748 θεοῦ
1538 706 1613 750 καὶ
1638 708 1733 760 σοῦ,

291 776 465 830 βασιλεῦ
479 809 492 828 ,
537 774 876 830 εὖηργετηκότος,
917 773 976 822 ὥς
1007 775 1080 815 καί
1111 771 1210 821 τούς
1243 775 1415 826 βασιλεῖ
1442 769 1733 828 ’προσήκοντας

248 838 396 886 Οκατά
430 842 546 895 γένος
578 841 835 890 ἐξαιτεῖσθαι
867 840 1107 889 δύνασθαι,
1155 836 1230 878 καί
1261 838 1345 879 τῶν
1379 837 1785 893 προσδοκωμένωνιο

290 906 567 947 ἀπαλλάττειν
596 904 792 956 κακῶν,·”
825 901 1053 956 θαυμάσας
1076 903 1121 943 δὲ
1152 901 1175 943 ὅ
1207 899 1407 955 βασιλεύς
1442 898 1519 957 τὴν
1549 900 1620 943 ἐπὶ
1645 907 1732 952 τοῖς

287 975 430 1018 κακοῖς
449 970 683 1023 ἀμνηστίαν
707 970 785 1009 τοῦ
808 966 1038 1023 βαρβάρου,
1066 968 1133 1020 ,,εἶ
1157 966 1284 1021 σύγε”
1311 966 1392 1022 ἔφη
1421 968 1636 1020 ,,τοσαῦτα
1658 965 1731 1007 ὑπ’

289 1032 416 1077 αὐτοῦ
443 1033 658 1088 ἀδικηθείς
691 1035 764 1076 καί
783 1034 920 1082 κακῶς
950 1032 1125 1085 παθών,
1154 1031 1367 1088 βάρβαρος
1390 1026 1448 1073 ῶν
1475 1032 1549 1074 καί
1569 1031 1732 1087 φαῦλος

286 1099 360 1154 την
387 1097 541 1154 τύχην,
582 1103 667 1147 τοῖς
697 1099 898 1147 ἐναντίοις
925 1098 1077 1155 ἀμειβῃ
1106 1094 1202 1139 ὅσον
1229 1095 1362 1148 ἔξεστι
1384 1097 1513 1138 ποιῶν
1537 1092 1610 1150 εὖ,
1638 1092 1731 1137 οὐδ’

287 1167 362 1218 ἐμὲ
394 1167 555 1206 δίκαιον
586 1163 844 1219 μετριώτερα
871 1164 1144 1218 ἀδικηθέντα,
1181 1164 1358 1216 βασιλέα
1382 1177 1427 1203 τε
1454 1155 1577 1215 ὄντα,
1620 1161 1785 1206 ἀπα-15

287 1233 484 1286 ραίτητον
518 1228 707 1285 ὀφθῆναι
734 1228 839 1284 πρὸς
865 1228 1005 1286 ὄργῆν.
1056 1229 1196 1271 τοίνυν
1235 1229 1308 1270 καί
1336 1228 1408 1282 τῆς
1447 1229 1524 1282 σῆς
1557 1225 1732 1277 ἱκετείας

286 1299 407 1338 ἕνεκα
425 1294 476 1336 τά
510 1291 781 1350 ἡμαρτημένα
800 1297 1011 1351 παρορῶν,
1038 1290 1141 1345 ἀξιῶ
1162 1291 1451 1348 συγγνώμης.”
1478 1289 1732 1348 εὐχαριστή-

286 1378 363 1411 σας
394 1363 440 1403 ὃὲ
471 1359 492 1402 ὃ
518 1359 731 1416 βάρβαρος
763 1359 834 1402 ἐπὶ
861 1359 1049 1412 τούτοις,
1093 1361 1166 1401 καί
1196 1358 1389 1407 πολλάκις
1427 1357 1730 1414 ἐπευφημήσας

284 1426 355 1469 τὸν
385 1428 585 1480 βασιλέα,
627 1427 699 1467 καί
729 1427 929 1482 δευτέραν
964 1427 1107 1480 δέησιν
1136 1426 1398 1480 προσετίθει,
1434 1421 1479 1465 τὸ
1500 1421 1575 1466 τὸν
1599 1422 1728 1467 αὐτὸν

283 1493 388 1546 μήτε
420 1493 492 1545 τῆς
523 1487 642 1542 ἀξίας
671 1491 1009 1546 ἀποστερηθῆναι
1035 1490 1140 1545 μήτε
1172 1489 1255 1531 τῶν
1293 1485 1512 1544 προσόδων
1543 1487 1617 1530 καί
1648 1489 1784 1531 τῶναο

231 1566 263 1599 D
285 1558 452 1612 δωρεῶν
478 1557 561 1597 τῶν
589 1557 830 1609 βασιλικῶν.
877 1553 942 1597 ἔτι
971 1556 1018 1597 δὲ
1047 1557 1209 1608 μᾶλλον
1233 1553 1308 1609 τὴν
1334 1553 1442 1609 ὖπὲρ
1475 1554 1553 1595 τοῦ
1581 1549 1729 1609 ἧδικη-

283 1620 401 1669 κότος
422 1618 609 1675 σπουδήν
637 1620 870 1673 θαυμάσας
892 1618 914 1660 ὅ
946 1619 1173 1672 βασιλευς,
1206 1621 1278 1661 καί
1300 1616 1457 1674 ταύτην
1483 1619 1560 1673 τήν
1588 1620 1729 1674 δέησιν

285 1684 482 1740 ἐπλήρου.
523 1683 584 1727 ἔτι
619 1686 666 1726 δὲ
701 1682 835 1726 αὐτοῦ
866 1682 973 1740 πρὸς
998 1684 1096 1733 τοὺς
1130 1684 1263 1734 πόδας
1288 1688 1494 1738 βασιλέως
1523 1685 1728 1737 κειμένου,

283 1748 334 1791 τοὶ
378 1752 450 1805 τῆς
481 1751 726 1804 συγγνώμης
759 1747 986 1805 γράμματα
1046 1750 1390 1805 ὃιαχαραχθέντα
1433 1750 1507 1790 καὶ
1547 1749 1598 1805 τῇ
1649 1751 1728 1802 βα-

284 1817 421 1873 σιλικῇ
469 1815 732 1857 πιστευθέντα
777 1813 895 1870 χειρὶ
935 1812 1198 1869 ἐπεδόθησαν
1247 1814 1386 1870 αὐτῷ·
1422 1811 1444 1856 ὖ
1493 1814 1539 1855 δὲ
1583 1808 1783 1867 λαβών25

287 1932 442 1976 eripuit,
472 1931 597 1965 dentes
621 1930 795 1971 excussit,
822 1930 938 1976 plagis
972 1929 1096 1963 multis
1120 1941 1248 1975 corpus
1277 1934 1381 1963 tuum
1410 1929 1646 1972 dilaceravit,
1680 1929 1727 1963 ad

287 1984 484 2011 extremum
506 1978 691 2011 maxillam
712 1975 820 2017 ferro,
845 1981 887 2010 ut
905 1976 1208 2010 atrocissimorum
1221 1977 1396 2010 scelerum
1419 1976 1599 2018 damnato,
1620 1982 1725 2010 ustu-

286 2024 394 2065 lavit,
430 2036 470 2057 ac
494 2029 674 2069 perpetua
707 2023 873 2055 cicatrice
905 2021 1101 2055 deformem
1134 2023 1293 2068 reliquit.
1353 2023 1395 2055 In
1429 2033 1588 2063 summa,
1621 2022 1724 2064 cedo,

288 2069 377 2115 quid
410 2076 446 2103 tc
479 2071 612 2111 movit,
651 2073 693 2102 ut
722 2069 798 2102 eius
832 2079 974 2100 causam
1004 2069 1151 2113 ageres?
1186 2068 1286 2113 Quid
1312 2079 1396 2102 vero
1419 2069 1555 2110 maius,
1588 2069 1722 2115 inquit,

288 2128 392 2160 quam
417 2117 480 2162 qui
505 2117 614 2160 paulo
638 2119 721 2148 ante
747 2116 787 2148 in
808 2115 916 2148 servis
937 2113 1036 2147 illius
1063 2115 1287 2154 censebatur,
1320 2126 1400 2147 eum
1422 2126 1519 2148 nunc
1539 2115 1608 2150 Dei
1632 2127 1722 2148 con-

287 2174 386 2195 cessu
412 2174 453 2194 ac
485 2167 548 2195 tuo
573 2172 723 2195 munere
759 2161 798 2193 in
825 2166 962 2194 tantam
989 2161 1188 2194 claritatem
1219 2161 1369 2202 venire,
1401 2166 1442 2194 ut
1467 2161 1721 2206 deprecatione

287 2220 350 2241 sua
375 2209 483 2241 etiam
499 2212 666 2252 cognatos
685 2207 911 2251 imperatoris
931 2206 1123 2240 formidato
1145 2207 1323 2251 supplicio
1345 2207 1504 2241 eximat?
1532 2207 1720 2242 Admirans

286 2255 499 2298 imperator,
523 2255 574 2287 sic
604 2265 685 2287 eum
715 2253 852 2286 delesse
886 2253 1099 2286 iniuriarum
1131 2253 1359 2294 memoriam,
1393 2253 1432 2288 Si
1453 2260 1512 2294 tu,
1549 2254 1623 2295 ait,
1645 2258 1720 2286 tam

286 2302 414 2346 iniqua
437 2306 472 2334 et
490 2300 638 2333 infanda
657 2299 702 2332 ab
726 2300 790 2332 illo
812 2310 959 2344 passus,
983 2298 1089 2331 homo
1111 2298 1304 2340 barbarus,
1339 2305 1434 2333 sorte
1457 2298 1624 2341 infimus,
1657 2299 1718 2333 ni-

286 2346 364 2379 hilo
399 2347 516 2379 minus
549 2351 723 2391 quantum
757 2345 796 2378 in
823 2351 859 2378 te
885 2350 955 2385 est,
991 2345 1086 2377 mala
1115 2345 1220 2378 bonis
1245 2355 1478 2390 compensas,
1502 2357 1561 2380 me
1578 2346 1718 2380 minora

286 2404 427 2438 passum
451 2398 487 2426 et
507 2394 780 2436 imperatorem,
812 2391 1071 2424 inexorabilem
1098 2391 1188 2424 iram
1204 2391 1325 2425 fovere
1347 2403 1420 2424 non
1443 2391 1556 2426 (lecet.
1604 2392 1718 2436 Igitur

286 2441 344 2472 vel
363 2445 400 2472 te
421 2438 652 2483 deprecatore
674 2438 712 2471 in
731 2449 788 2471 me
810 2439 996 2470 commissa
1018 2438 1214 2482 negligens,
1240 2448 1321 2471 ecce
1344 2438 1483 2471 veniam
1506 2438 1563 2472 illi
1580 2437 1715 2472 tribuo.

287 2485 384 2527 Actis
412 2486 533 2530 gratiis
567 2490 604 2518 et
634 2485 765 2518 iterum
789 2484 992 2530 iterumque
1025 2483 1131 2516 dictis
1157 2480 1369 2528 imperatori
1397 2483 1587 2526 laudibus,
1626 2482 1716 2517 bar—

286 2532 393 2565 barus
422 2531 540 2565 denuo
572 2531 686 2576 petit:
721 2541 850 2574 nempe
883 2535 924 2563 ut
948 2529 1045 2562 idem
1070 2528 1362 2573 stratopedarcha
1378 2541 1446 2563 nec
1462 2531 1624 2572 honore,
1647 2541 1715 2564 nec

286 2577 487 2618 reditibus,
518 2588 586 2610 nec
615 2576 721 2610 bonis
762 2577 1002 2621 imperatoriis
1045 2576 1198 2610 excidat.
1257 2576 1414 2610 Tantum
1444 2576 1604 2611 studium
1632 2587 1714 2622 erga

287 2626 436 2659 noxium
466 2623 620 2667 amplius
656 2623 854 2668 suspiciens
881 2623 1095 2666 imperator,
1135 2623 1245 2655 etiam
1283 2621 1354 2656 hoc
1387 2624 1536 2666 annuit;
1577 2627 1614 2656 et
1648 2623 1717 2657 ad-

286 2670 358 2704 huc
396 2670 441 2703 ad
479 2669 590 2715 pedes
623 2668 699 2703 eius
738 2669 872 2703 iacenti
913 2669 1163 2702 testimonium
1191 2667 1295 2702 datae
1324 2669 1453 2702 veniae
1487 2669 1528 2703 in
1558 2669 1712 2715 pittacio

288 2716 491 2758 exaratum,
525 2721 584 2758 et,
605 2721 647 2749 ut
687 2726 763 2750 mos
797 2720 870 2757 est,
906 2714 992 2750 fidei
1029 2725 1111 2760 ergo
1156 2715 1382 2760 imperatoris
1419 2726 1528 2750 manu
1561 2713 1714 2756 addita,
