1728 3158
653 85 972 129 PRAEFATIO.

42 207 44 209 ’
86 194 230 239 lund
255 194 364 238 leves
390 208 618 251 perpessam
634 224 648 246 ‚
692 197 838 237 cruditi
874 211 955 237 non
984 199 1178 240 nesciunt.
1240 198 1449 245 Addamus
1478 199 1554 241 hoc

79 282 84 291 ι
92 275 205 325 pm·
203 260 439 308 enrollario.
492 263 723 303 Genuenses
773 269 812 303 et
853 263 998 304 Veneti
1035 265 1163 306 multa
1194 265 1260 309 hic
1286 266 1339 309 ab
1367 266 1454 307 aliis
1490 266 1553 307 hi·-

36 323 40 385 ζ
73 311 92 364 3
109 328 268 370 dnn-icis
292 329 376 368 suis
401 329 682 382 praetermissa
695 357 708 380 ‚
751 335 823 368 aut
848 341 1056 384 nunquam
1071 332 1238 386 cognita
1267 331 1318 373 de
1335 332 1553 373 maioribus

106 393 193 437 fis
206 420 222 444 ‚
267 405 489 447 eorumque
514 394 666 434 virtute
724 399 764 433 et
811 392 924 433 factis
956 393 1112 448 legere,
1151 403 1191 436 et
1226 398 1424 452 quaedam
1452 398 1554 440 falso

34 479 82 523 ψ,
107 456 164 500 de
185 457 329 499 iisdem
358 457 553 500 hactenus
581 460 730 514 scripta
765 458 1064 513 deprehendere
1087 467 1290 516 poterunt.

47 516 73 559 {ss
217 529 382 580 Restat,
410 533 458 567 ut
478 539 582 580 quae
604 539 679 567 nos
708 524 775 566 vel
803 527 1099 580 praestitimus,
1138 527 1202 568 vel
1223 536 1425 582 praestare
1453 545 1552 572 con-

58 588 333 673 tendimus,
359 592 596 634 indicemus.
651 591 700 632 In
725 591 1027 646 interpretando
1053 606 1143 633 eam
1175 595 1347 648 speciem
1378 608 1454 651 pro
1482 611 1552 638 ca·-

50 643 182 733 {ptu
207 666 347 700 nostro
377 658 593 700 consectati
626 670 765 699 sumus
780 687 792 710 ,
830 669 954 712 quam
984 672 1032 698 ex
1065 673 1206 699 eorum
1240 658 1436 714 lectione,
1479 662 1550 718 qui

55 704 158 768 de
178 726 331 781 optimo
360 738 506 780 genere
530 723 819 778 interpretandi
848 731 1153 779 praeceperunt,
1181 725 1496 781 bonorumque
1484 744 1549 768 m·-

42 797 61 819 ’«
98 797 326 846 ΜῬιεῒιιιιι
354 790 634 832 observatione
661 796 795 829 mente
836 797 1070 865 conceptam
1127 798 1248 848 atque
1291 792 1548 836 informatam

38 863 63 887 ψ
100 857 364 899 tenebamus·
409 868 513 912 quae
551 854 775 896 cuiusmodi
815 856 868 896 sit
881 885 893 908 ,
946 855 975 898 ii
1010 857 1264 911 potissimum
1301 858 1546 914 intelligunt,

43 937 55 954 r
100 936 277 979 qnorum
301 921 500 963 industria
526 923 570 964 in
601 921 743 963 eodem
772 920 974 964 curriculo
1003 936 1047 965 se
1071 922 1288 978 aliquando
1316 924 1545 980 explicavit.

35 1019 38 1022 -
101 989 289 1030 Codieem
308 1002 504 1043 perquam
533 986 773 1028 mendosum
787 1016 800 1040 ,
842 986 1027 1043 maleque
1053 990 1354 1044 interpunctum
1387 994 1543 1047 accepi-

99 1068 218 1096 mus:
247 1061 295 1096 ut
313 1053 497 1095 divinare
534 1061 575 1096 et
594 1055 792 1096 coniicere
811 1053 1043 1111 frequenter
1071 1059 1310 1110 oportuerit.
1365 1057 1543 1100 Nomina

93 1119 303 1172 locorum,
333 1133 437 1175 quae
463 1133 539 1162 nec
564 1118 889 1174 diligentissimus
921 1121 1102 1163 Ortelius
1130 1124 1266 1164 omnia
1296 1123 1472 1179 colleglt,
1501 1130 1543 1166 et

93 1199 374 1242 personarum,
391 1199 495 1241 quae
511 1184 579 1227 vel
599 1185 798 1226 Graecia·
787 1200 868 1226 lam
885 1187 1070 1228 occidens
1090 1195 1130 1228 et
1159 1182 1538 1244 βεβαρβαρωμένη,

92 1251 162 1294 vel
189 1249 445 1293 librariorum
484 1253 695 1293 oscitantia
725 1251 997 1307 depravarat,
1046 1253 1194 1294 alicubi
1230 1254 1281 1295 de
1309 1256 1541 1297 coniectura

90 1318 410 1371 mendavimus,
439 1319 558 1372 (nam
576 1320 646 1375 qui
666 1320 848 1361 omnium
867 1333 1006 1361 veram
1032 1327 1073 1360 et
1095 1334 1327 1375 germanam
1363 1322 1537 1376 scriptu-

88 1397 182 1426 ram
209 1384 470 1426 coniectando
499 1387 626 1440 possit
652 1386 808 1441 assequi
823 1414 836 1437 ‚
889 1400 963 1441 ego
991 1386 1155 1443 quidem
1178 1386 1360 1427 futurum
1389 1389 1536 1442 opinor

89 1450 321 1505 neminem,)
339 1453 486 1493 omissa
510 1451 708 1508 quaedam
727 1451 1000 1507 supplevimus
1015 1467 1028 1493 ε
1060 1454 1103 1494 in
1122 1452 1299 1508 singulos
1318 1450 1443 1494 libros
1461 1468 1535 1508 pe·-

86 1515 248 1562 sinebas
285 1531 356 1558 seu
386 1518 580 1572 epitomas
608 1519 916 1572 conscripsimus
930 1547 942 1569 ‚
972 1532 1074 1573 quas
1103 1523 1143 1559 et
1173 1518 1328 1559 lecturo
1355 1520 1408 1559 ad
1427 1533 1533 1574 προα

86 1577 372 1637 παρασκευὴν,
401 1590 442 1624 et
461 1584 498 1624 ei
517 1585 587 1640 qui
607 1585 688 1625 iam
708 1583 819 1638 legit,
850 1581 903 1626 ad
921 1578 1288 1639 ἀνακεφαλαίωσιν
1307 1585 1425 1626 utiles
1445 1586 1532 1626 sore

85 1647 344 1690 confidimus:
391 1649 541 1693 relictis
581 1650 824 1691 sectionibus
857 1650 980 1706 (quas
1020 1651 1062 1691 in
1095 1650 1298 1706 plerisque
1324 1651 1530 1692 codicibus

84 1715 172 1755 sive
198 1715 350 1756 scribas
393 1717 480 1757 sive
505 1714 699 1768 lectores3
727 1729 811 1756 non
838 1717 946 1771 ipsos
984 1723 1166 1757 auctores
1204 1718 1444 1771 excogitasse
1490 1722 1531 1758 et

84 1778 314 1822 adhibuisse
330 1781 445 1835 reor)
472 1780 583 1836 quod
601 1780 724 1823 modo
741 1782 862 1822 nimis
880 1780 1045 1822 crebrae
1060 1812 1073 1833 ,
1104 1781 1226 1821 modo
1255 1784 1375 1822 nimis
1394 1796 1527 1836 rarae,

82 1846 242 1899 saepius
258 1854 539 1902 argumentum
567 1848 635 1888 vix
652 1859 699 1887 ex
716 1848 863 1887 triente
888 1845 1288 1901 comprehenderent,
1316 1848 1358 1886 in
1378 1850 1525 1902 capita,

81 1924 196 1951 more
214 1912 469 1965 Latinorum,
488 1919 620 1953 totum
638 1925 786 1967 corpus
803 1911 1011 1953 divisimus
1024 1942 1037 1966 ,
1064 1919 1110 1953 ut
1129 1919 1324 1967 quantum
1356 1915 1527 1954 maxime

78 1990 302 2031 possemus,
327 1977 468 2020 lectori
485 1978 620 2019 lumen
638 1977 1017 2033 praepanderemus·
1062 1979 1189 2018 Locos
1208 1976 1362 2034 aliquot
1378 1994 1530 2033 parum

77 2057 197 2086 sanos
210 2074 223 2096 ,
251 2047 464 2099 praetextis
483 2046 527 2085 in
546 2046 633 2100 ipso
661 2052 848 2085 contextu
866 2044 1295 2098 animadversionibus,
1325 2048 1521 2100 perstrin-

78 2112 233 2164 ximus3
271 2125 372 2166 quas
391 2112 555 2166 quidem
583 2119 727 2167 rogatu
745 2116 883 2151 nostro
912 2110 1082 2151 Iacobus
1102 2111 1313 2152 Gretserus
1330 2142 1342 2164 ‚
1384 2113 1520 2153 Socie-

74 2179 171 2220 tatis
188 2186 350 2220 nostrae
378 2178 633 2233 Theologus,
664 2185 704 2218 et
729 2179 772 2218 in
793 2176 1012 2217 Academia
1043 2176 1337 2231 Ingolstadiana
1364 2179 1519 2233 profes-1

77 2249 147 2286 'sor
164 2245 392 2286 ordinarius
405 2275 418 2297 ,
454 2245 705 2298 conscripsit.
760 2244 817 2283 Et
846 2243 944 2283 haec
965 2242 1157 2296 fecimus,
1201 2243 1327 2298 magis
1357 2252 1403 2284 ut
1423 2259 1518 2285 can-

76 2310 218 2351 dorem
234 2319 418 2352 nostrum
436 2312 552 2351 bonis
571 2312 669 2351 viris
688 2308 965 2364 probaremus,
986 2323 1108 2364 quam
1127 2309 1236 2364 quod
1255 2309 1340 2362 illa,
1362 2311 1517 2364 qualia-

3 2421 9 2424 ,
75 2389 235 2432 cunque
252 2384 372 2430 sunt,
400 2377 478 2417 hoc
504 2377 666 2431 quidem
685 2375 843 2416 saeculo
862 2403 874 2427 ,
913 2382 952 2414 et
981 2376 1023 2414 in
1056 2375 1119 2415 his
1146 2377 1263 2416 terris
1294 2376 1346 2416 ad
1374 2391 1516 2430 quem-

68 2455 200 2498 quam
239 2443 495 2484 inficiendum
543 2442 923 2497 depravandumque
969 2441 1143 2482 valitura
1193 2442 1513 2483 formidaremus.

75 2510 180 2562 Quis
198 2512 306 2550 enim
323 2512 475 2562 nescit,
513 2510 634 2549 etiam
654 2510 723 2563 qui
750 2508 900 2554 litteras
921 2521 1003 2547 non
1032 2508 1187 2560 didicit,
1215 2523 1297 2548 non
1322 2516 1409 2548 tum
1428 2511 1513 2562 pri-

73 2589 214 2629 mum„
249 2575 690 2631 propendentescilicet
716 2576 798 2614 iam
817 2573 868 2615 ad
888 2588 1074 2614 occasum
1089 2575 1283 2630 imperio,
1319 2574 1389 2614 sed
1407 2575 1512 2614 mul-

76 2643 128 2683 tis
146 2650 238 2684 ante
257 2657 454 2684 annorum
473 2643 662 2685 centuriis
679 2673 691 2697 ,
721 2655 846 2698 paene
874 2648 964 2696 post
992 2642 1361 2697 octingentesimum
1379 2642 1512 2682 statim
