1832 3132
369 64 480 132 4-38
887 71 1254 114 cANTAcUzml

173 185 355 221 A.C.1330
366 177 553 234 ἰσχυράς.
581 172 603 216 ὅ
630 175 670 215 δ’
691 173 739 215 οὗ
767 173 852 214 δεῖν
880 170 1058 228 ἔφασκεν
1077 173 1165 229 εἰκῇ
1186 175 1431 228 λογομαχεῖν
1451 162 1779 231 ἅλλῆλοῐςᾶντεὲ-

361 244 563 298 πάγοντας
579 237 624 281 τὸ
649 237 894 291 ψεύδεσθαι,
923 238 1015 280 ἀλλ’
1041 236 1112 279 ἐπὶ
1140 239 1211 293 τῆς
1235 239 1347 294 δίκης
1366 235 1656 288 καταστάντας
1672 235 1780 282 ’ἑκά-

360 323 477 365 τερον
509 300 567 347 ὧν
600 303 714 353 ἀξιοῖ
732 303 993 359 παρέχεσθαι
1009 300 1084 352 τὰς
1108 299 1356 355 ἀποδείξεις.
1395 301 1592 357 βασιλεύς
1609 299 1657 346 δὲ
1677 302 1780 360 πρό-

359 387 475 428 τερον
499 372 576 424 μὲν
596 366 806 425 ἡσύχασεν
829 367 899 410 ἐπὶ
916 366 1080 424 ’μικρὸν
1111 366 1214 424 πρὸς
1234 366 1286 410 τὰ
1309 368 1505 424 εἰρημένα
1519 384 1532 397 ·
1568 363 1667 411 οῧδὲ
1696 367 1777 425 γάρ

358 433 411 493 ἦν
435 453 497 479 πω
520 433 718 491 πρότερον
744 434 866 476 οὐδὲν
886 430 1067 489 ἀκηκοώς
1089 431 1187 489 περὶ
1205 432 1455 489 Συργιάννη·
1485 431 1625 476 ἔπειτα
1648 426 1804 487 ἔχθει-5
1831 445 1832 478 3

357 506 463 545 σθαι
491 502 571 554 μὲν
603 497 690 542 εἶπε
711 500 782 541 καί
807 498 915 541 πάνυ
953 496 1056 554 πρὸς
1073 496 1169 547 τούς
1194 498 1404 546 τοιούτους
1425 496 1595 554 λόγους.
1622 497 1675 540 οὔ
1695 496 1775 555 γὰρ

356 565 585 620 βούλεσθαι
610 565 725 622 αὐτῷ
750 563 845 613 τοὺς
881 561 1112 619 ὑπηκόους,
1139 561 1235 613 τούς
1259 565 1337 617 μὲν
1366 561 1564 614 ἀπιστῶς’
1594 561 1779 621 φεύγειν,

358 630 456 680 τούς
482 632 527 672 δὲ
558 628 740 683 διώκειν,
771 625 876 671 ἀλλὰ
905 627 1063 677 πάντας
1083 644 1128 669 τε
1158 627 1269 685 αύτῷ
1294 622 1442 677 εὔνους
1467 624 1676 676 εἶναικαὶ
1699 643 1780 682 μη-

360 698 457 739 δένα
485 697 586 751 μηδ’
607 695 684 750 ὑφ’
706 691 796 743 ἑνὸς
826 697 1162 749 κατηγορεῖσθαι·
1196 694 1286 734 ἒπεί
1313 694 1358 734 δὲ
1395 691 1560 749 εἴρηται
1589 692 1780 744 τοιαῦτα,

359 756 452 804 οὗθ’
476 758 605 810 οὕτως
618 759 727 814 ἔχειν
746 756 847 801 ὥστε
865 757 970 801 πάνυ
999 757 1204 800 πιστεύειν
1227 759 1303 809 δεῖ,
1330 751 1424 798 οὔθ’
1450 755 1554 800 ὥστε
1574 752 1832 812 άπιστεῖν,ιει

238 836 351 874 Ρ.963
362 826 468 870 ἀλλὰ
506 826 673 883 βασάνῳ
696 822 740 866 τὸ
772 826 940 881 πρᾶγμα
971 824 1133 877 δόντας,
1161 823 1339 879 τάληθὲς
1356 819 1600 880 ἇνερευνᾷν.
1654 815 1778 876 εὔχο-

360 908 440 947 μαι
465 892 512 933 δὲ
543 889 853 943 Τζαμπλάκωνα
873 891 1145 945 παραχθέντα
1173 891 1331 943 μᾶλλον
1358 885 1411 930 τὰ
1437 885 1498 944 μὴ
1525 881 1628 929 ὄντα
1646 887 1778 941 λέγειν

360 954 388 1013 ἢ
407 958 454 999 σὲ
481 955 682 1004 τοιούτοις
706 956 807 1004 οἵοις
834 951 957 1004 αὖτός
983 971 1108 1010 φησιν
1128 956 1348 1007 ἐνέχεσθαι
1371 957 1524 1002 κακοῖς.
1577 951 1778 1007 Συργιάν-

360 1039 432 1078 νης
458 1022 503 1063 δὲ
522 1021 651 1062 ἐδεῖτο
671 1021 874 1074 βασιλέως
901 1017 1026 1072 μόνον
1049 1021 1130 1062 τῶν
1151 1018 1319 1060 δικαίων
1352 1023 1496 1072 τυχεῖν
1525 1016 1599 1060 καί
1621 1013 1680 1072 μὴ
1709 1013 1778 1057 διὰ

361 1084 645 1142 συκοφαντίαν
675 1084 830 1142 ἐρήμην
863 1084 1042 1127 ἁλῶναι·
1077 1082 1172 1133 τούς
1206 1086 1251 1126 δὲ
1288 1085 1464 1145 ψευδεῖς.
1489 1079 1688 1124 τουτουσὶ
1712 1078 1832 1130 καίιξὲ

361 1153 672 1204 πεπλασμένους
696 1147 838 1204 λόγους
854 1147 1054 1205 ἡγεῖσθαί
1077 1165 1126 1204 τε
1144 1151 1276 1204 μηδὲν
1305 1150 1377 1191 καί
1397 1146 1475 1191 σύν
1503 1146 1642 1198 οὕδενί
1666 1145 1778 1204 πόνῳ

363 1213 459 1272 ὅπερ
486 1218 568 1258 εἶσι
590 1215 741 1274 ῥᾳδίως
759 1211 1017 1266 ἀποδείξειν.
1069 1213 1264 1269 βασιλεύς
1296 1216 1343 1256 δὲ
1375 1212 1448 1255 καί
1477 1210 1613 1261 αὐτὸς
1625 1211 1781 1268 ἔφασκε

363 1280 466 1323 κατὰ
488 1281 651 1336 γνώμην
677 1277 788 1338 αύτῷ
809 1276 916 1323 εἶναι
940 1281 1098 1333 μᾶλλον
1123 1279 1418 1322 ἀπολύσασθαι
1441 1276 1518 1328 τάς
1537 1278 1782 1332 κατηγορίας

363 1348 436 1388 καί
463 1348 562 1400 μηδ’
597 1345 667 1388 ἐπὶ
694 1348 772 1402 μιᾷ
795 1341 933 1387 αὖτῶν
960 1345 1118 1388 ἁλῶναι
1148 1345 1336 1400 άληθῶς·
1377 1339 1520 1386 ἄδικον
1553 1343 1600 1384 δὲ
1637 1342 1782 1398 ψῆφον

362 1407 435 1451 οῧκ
461 1405 513 1452 ἄν
530 1426 626 1452 ποτε
649 1411 762 1467 αὐτῷ
781 1411 1020 1464 ἐπενεγκεῖν,
1051 1411 1099 1451 οὔ
1125 1408 1252 1462 μόνον
1273 1405 1409 1464 ὥσπερ
1432 1410 1510 1450 νῦν
1524 1406 1621 1463 περὶ
1639 1407 1832 1461 ψυχῆςαο

326 1476 669 1532 Βοῖγωνιζομένῳ,
700 1472 789 1518 ἄλλ’
812 1472 904 1527 ούδῗ
933 1476 972 1517 εἰ
990 1477 1087 1531 περὶ
1114 1477 1195 1517 τῶν
1215 1473 1485 1530 φαυλοτάτων
1518 1471 1630 1522 τινὸς
1661 1469 1780 1526 ἐλάγ-

226 1546 349 1582 v.215
362 1556 466 1594 χανε
511 1539 586 1595 τὴν
640 1540 769 1595 δίκην.
842 1539 1143 1593 Τζαμπλάκωνι
1175 1541 1221 1581 δὲ
1257 1539 1469 1582 ἐκέλευσεν
1495 1535 1525 1580 ἃ
1552 1536 1778 1592 Συργιάννῃ

364 1605 552 1659 ἐγκαλοίη
579 1605 635 1654 εἷς
659 1607 786 1658 μέσον
812 1599 949 1659 ἄγειν·
1003 1600 1099 1645 οὖδὲ
1119 1603 1198 1660 γάρ
1226 1621 1289 1646 πω
1309 1599 1402 1660 ᾔδει
1423 1602 1522 1660 περὶ
1548 1601 1686 1644 αὖτῶν
1707 1597 1781 1642 οὖ·-

366 1671 446 1715 δέν.
509 1669 792 1723 Τζαμπλάκων
813 1671 859 1712 δὲ
886 1663 1048 1712 ἄνωθεν
1076 1667 1324 1723 ἀρξάμενος,
1354 1665 1487 1717 οὕτως
1506 1667 1682 1710 ἐποιεῖτο
1702 1668 1780 1725 τὴν

304 1781 306 1783 ’
364 1781 516 1814 alterum
539 1780 683 1813 mentiri
708 1780 856 1812 clamat:
896 1777 959 1811 sed
989 1778 1028 1810 in
1063 1777 1239 1812 iudicium
1261 1777 1476 1812 veniendum
1500 1773 1537 1813 et
1557 1779 1602 1813 ab
1626 1785 1779 1828 utroque
1814 1783 1820 1785 '

362 1822 407 1860 ad
432 1826 470 1860 id
494 1826 591 1870 quod
615 1827 704 1860 velit
728 1825 1004 1864 ostendendum,
1021 1821 1183 1858 ‘rationes
1207 1825 1246 1856 in
1265 1825 1421 1858 medium
1443 1824 1679 1864 adducendas·
1725 1827 1782 1861 Ad

362 1872 453 1906 haec
487 1873 681 1916 imperator
714 1872 867 1915 primum
905 1870 1049 1916 quidem
1082 1871 1340 1916 aliquantisper
1379 1871 1504 1905 siluit:
1552 1871 1647 1906 nihil
1682 1873 1780 1907 enim

363 1919 537 1952 hactenus
575 1918 619 1951 de
655 1918 846 1962 Syrgianne
882 1917 1064 1950 audierat:
1102 1916 1234 1951 deinde
1267 1917 1498 1961 permolestus
1521 1918 1592 1952 sibi
1618 1918 1683 1953 hos
1708 1930 1781 1952 ser-

362 1974 485 1996 mones
512 1975 588 1997 esse
613 1964 724 1997 dixit:
762 1963 932 2008 quoniam
960 1963 1075 1996 nollet
1100 1963 1281 1997 subiectos
1302 1975 1384 1997 suos
1411 1964 1499 2000 alios
1523 1964 1669 2010 quidem
1694 1966 1778 1999 infi-

364 2010 522 2051 delitatis
546 2011 678 2043 crimen
702 2008 901 2050 intendere,
927 2009 1016 2042 alios
1040 2020 1179 2042 causam
1203 2009 1340 2043 dicere:
1377 2009 1440 2043 sed
1463 2011 1572 2044 amari
1593 2011 1638 2045 ab
1659 2012 1779 2045 omni-

363 2055 430 2088 bus
460 2061 496 2089 et
526 2057 704 2089 neminem
735 2055 780 2088 ab
814 2055 888 2088 ullo
923 2055 1032 2088 ullius
1063 2056 1206 2089 sceleris
1230 2057 1395 2091 accusari.
1450 2055 1554 2102 Quae
1575 2067 1659 2092 vero
1684 2057 1780 2091 dicta

365 2103 460 2141 sint,
485 2113 550 2135 nee
572 2103 659 2135 talia
686 2113 782 2142 esse,
806 2107 847 2134 ut
872 2101 974 2135 valde
999 2101 1196 2136 credenda:
1232 2114 1299 2136 nec
1321 2103 1431 2140 talia,
1466 2107 1507 2136 ut
1529 2105 1674 2137 omnino
1701 2114 1779 2137 cre-

362 2147 478 2181 denda
507 2159 580 2180 non
614 2150 706 2181 siut:
756 2148 921 2192 quocirca
955 2148 1191 2181 examinanda
1224 2155 1260 2182 et
1293 2149 1480 2182 veritatem
1515 2149 1778 2196 inquirendam,

362 2194 495 2238 Optare
521 2199 638 2226 autem
663 2204 720 2234 se,
747 2194 1012 2238 Zamplaconem
1031 2195 1152 2238 potius
1174 2206 1263 2240 quae
1283 2206 1356 2229 non
1374 2195 1447 2228 sint
1463 2194 1642 2237 obiicere,
1669 2207 1776 2242 quam

362 2239 593 2284 Syrgiannem
618 2239 840 2273 obiectorum
864 2241 1050 2273 criminum
1075 2251 1175 2273 reum
1200 2253 1286 2275 esse.
1334 2241 1544 2286 Syrgiannes
1565 2253 1687 2287 rogare
1703 2243 1776 2275 im-

360 2291 576 2330 peratorem,
601 2291 738 2319 tantum
762 2291 802 2318 ut
826 2287 903 2319 iure
928 2297 1047 2320 secum
1072 2292 1212 2331 agatur,
1246 2298 1292 2321 ne
1315 2297 1380 2331 per
1403 2287 1616 2321 calumniam
1639 2287 1775 2321 indicta

361 2343 464 2364 causa
491 2331 687 2364 damnetur.
750 2332 863 2365 Falsis
896 2337 1015 2364 autem
1047 2332 1145 2366 hisce
1182 2338 1219 2367 et
1248 2333 1408 2367 confictis
1434 2333 1655 2367 sermonibus
1680 2333 1776 2367 nihil

361 2389 399 2411 se
423 2377 559 2411 turbari
589 2378 761 2423 nulloque
794 2378 915 2411 labore
947 2378 986 2411 id
1018 2378 1115 2424 quod
1145 2385 1264 2412 essent
1291 2379 1621 2425 demonstraturum.
1681 2380 1774 2415 Tum

360 2425 574 2467 imperator,
613 2424 689 2456 Sibi
723 2436 864 2469 quoque
898 2424 1041 2468 probari
1076 2426 1206 2468 magis,
1246 2426 1299 2459 uti
1335 2426 1483 2458 crimina
1515 2425 1630 2459 diluat
1665 2431 1702 2460 et
1726 2437 1773 2459 ne

360 2471 466 2502 unius
501 2470 645 2514 quidem
670 2480 750 2502 vere
777 2470 1015 2504 convincatur.
1079 2471 1244 2516 Iniquam
1275 2476 1393 2504 autem
1428 2473 1641 2505 sententiam
1677 2484 1772 2506 nun—

361 2527 467 2563 qqam
490 2517 529 2548 in
556 2526 637 2548 eum
663 2516 840 2549 laturum:
878 2527 951 2548 non
976 2517 1112 2556 solum,
1155 2523 1195 2551 ut
1227 2517 1264 2550 in
1286 2528 1452 2562 praesens
1478 2517 1522 2551 de
1545 2519 1618 2551 vita
1644 2519 1684 2552 in
1710 2529 1773 2562 pe-

360 2563 513 2594 riculum
549 2567 729 2595 vocatum:
773 2563 836 2595 sed
870 2574 987 2607 neque
1019 2563 1062 2595 de
1098 2563 1217 2608 aliqua
1249 2574 1286 2596 re
1322 2563 1559 2597 abiectissima
1598 2564 1772 2598 iudicium

361 2618 459 2639 suum
493 2608 715 2641 subeuntem.
779 2609 869 2642 Tum
904 2609 1125 2653 Zamplaconi
1164 2610 1345 2643 mandavit
1379 2621 1578 2655 exponere,
1620 2621 1771 2656 quorum

361 2652 592 2698 syrgiaunem
620 2655 866 2690 insimularet:
904 2654 1019 2688 adhuc
1054 2656 1149 2690 enim
1177 2668 1218 2691 ea
1242 2655 1437 2693 nesciebat.
1494 2657 1560 2691 me
1583 2656 1689 2691 altius
1712 2666 1769 2690 rc—
