<?xml version="1.0" encoding="UTF-8"?>
<!DOCTYPE html PUBLIC "-//W3C//DTD XHTML 1.0 Transitional//EN"
    "http://www.w3.org/TR/xhtml1/DTD/xhtml1-transitional.dtd">
<html xmlns="http://www.w3.org/1999/xhtml" xml:lang="en" lang="en">
 <head>
  <title>
</title>
<meta http-equiv="Content-Type" content="text/html;charset=utf-8" />
  <meta name='ocr-system' content='tesseract 3.04.00' />
  <meta name='ocr-capabilities' content='ocr_page ocr_carea ocr_par ocr_line ocrx_word'/>
</head>
<body>
  <div class='ocr_page' id='page_1' title='image "./corpusscriptorum23niebuoft_0092.png"; bbox 0 0 1832 3138; ppageno 0'>
   <div class='ocr_carea' id='block_1_1' title="bbox 319 81 1206 141">
    <p class='ocr_par' dir='ltr' id='par_1_1' title="bbox 319 81 1206 141">
     <span class='ocr_line' id='line_1_1' title="bbox 319 81 1206 141; baseline -0.003 -2"><span class='ocrx_word' id='word_1_1' title='bbox 319 81 390 139; x_wconf 82' lang='lat'><strong>50</strong></span> <span class='ocrx_word' id='word_1_2' title='bbox 840 93 1206 141; x_wconf 66' lang='lat' dir='ltr'><strong>cmrAcuzm</strong></span> 
     </span>
    </p>
   </div>
   <div class='ocr_carea' id='block_1_2' title="bbox 132 194 1807 1673">
    <p class='ocr_par' dir='ltr' id='par_1_2' title="bbox 132 194 1798 516">
     <span class='ocr_line' id='line_1_2' title="bbox 132 194 1790 256; baseline -0.001 -18"><span class='ocrx_word' id='word_1_3' title='bbox 132 204 169 238; x_wconf 84' lang='grc' dir='ltr'><strong>Δ,</strong></span> <span class='ocrx_word' id='word_1_4' title='bbox 183 203 312 240; x_wconf 78' lang='lat' dir='ltr'><strong>C.1320</strong></span> <span class='ocrx_word' id='word_1_5' title='bbox 325 204 371 246; x_wconf 80' lang='grc' dir='ltr'><strong>δὲ</strong></span> <span class='ocrx_word' id='word_1_6' title='bbox 391 202 466 255; x_wconf 73' lang='grc' dir='ltr'><strong><em>ἐμὲ</em></strong></span> <span class='ocrx_word' id='word_1_7' title='bbox 492 200 594 256; x_wconf 79' lang='grc' dir='ltr'><strong><em>μήτε</em></strong></span> <span class='ocrx_word' id='word_1_8' title='bbox 615 197 785 248; x_wconf 75' lang='grc' dir='ltr'><strong><em>ἀλύπως</em></strong></span> <span class='ocrx_word' id='word_1_9' title='bbox 812 198 883 240; x_wconf 73' lang='grc' dir='ltr'><strong><em>ἐπὶ</em></strong></span> <span class='ocrx_word' id='word_1_10' title='bbox 895 199 953 255; x_wconf 80' lang='grc' dir='ltr'><strong><em>τῷ</em></strong></span> <span class='ocrx_word' id='word_1_11' title='bbox 972 198 1175 254; x_wconf 80' lang='grc' dir='ltr'><strong><em>χωρισμῷ</em></strong></span> <span class='ocrx_word' id='word_1_12' title='bbox 1193 194 1315 250; x_wconf 77' lang='grc' dir='ltr'><strong>ὖμῶν</strong></span> <span class='ocrx_word' id='word_1_13' title='bbox 1340 195 1600 254; x_wconf 65' lang='grc' dir='ltr'><strong><em>διακεῶθαι,</em></strong></span> <span class='ocrx_word' id='word_1_14' title='bbox 1621 195 1738 255; x_wconf 62' lang='grc' dir='ltr'><strong>Ιμήθ’*</strong></span> <span class='ocrx_word' id='word_1_15' title='bbox 1782 196 1790 237; x_wconf 62' lang='grc' dir='ltr'><strong>ὲ·</strong></span> 
     </span>
     <span class='ocr_line' id='line_1_3' title="bbox 313 259 1759 320; baseline -0.005 -11"><span class='ocrx_word' id='word_1_16' title='bbox 313 267 371 316; x_wconf 79' lang='grc' dir='ltr'><strong>ὦς</strong></span> <span class='ocrx_word' id='word_1_17' title='bbox 392 267 464 309; x_wconf 80' lang='grc' dir='ltr'><strong><em>τοῦ</em></strong></span> <span class='ocrx_word' id='word_1_18' title='bbox 483 263 662 320; x_wconf 83' lang='grc' dir='ltr'><strong><em>μηδενὸς</em></strong></span> <span class='ocrx_word' id='word_1_19' title='bbox 677 262 820 314; x_wconf 81' lang='grc' dir='ltr'><strong><em>ιῖξίους</em></strong></span> <span class='ocrx_word' id='word_1_20' title='bbox 844 260 960 316; x_wconf 66' lang='grc' dir='ltr'><strong><em>ὑμᾶς</em></strong></span> <span class='ocrx_word' id='word_1_21' title='bbox 982 259 1112 311; x_wconf 66' lang='grc' dir='ltr'><strong><em>οὕτως</em></strong></span> <span class='ocrx_word' id='word_1_22' title='bbox 1132 263 1179 303; x_wconf 80' lang='grc' dir='ltr'><strong>ἐκ</strong></span> <span class='ocrx_word' id='word_1_23' title='bbox 1202 261 1278 303; x_wconf 79' lang='grc' dir='ltr'><strong><em>τοῦ</em></strong></span> <span class='ocrx_word' id='word_1_24' title='bbox 1299 259 1535 316; x_wconf 76' lang='grc' dir='ltr'><strong><em>παραυτίκα</em></strong></span> <span class='ocrx_word' id='word_1_25' title='bbox 1553 259 1739 303; x_wconf 75' lang='grc' dir='ltr'><strong><em>ἄπωθεϊ-</em></strong></span> <span class='ocrx_word' id='word_1_26' title='bbox 1758 301 1759 306; x_wconf 72' lang='grc'><strong><em>,</em></strong></span> 
     </span>
     <span class='ocr_line' id='line_1_4' title="bbox 310 323 1787 384; baseline -0.005 -11"><span class='ocrx_word' id='word_1_27' title='bbox 310 335 428 374; x_wconf 89' lang='grc' dir='ltr'><strong><em>σθαι.</em></strong></span> <span class='ocrx_word' id='word_1_28' title='bbox 455 331 498 379; x_wconf 76' lang='grc' dir='ltr'><strong>ἐξ</strong></span> <span class='ocrx_word' id='word_1_29' title='bbox 522 326 619 371; x_wconf 77' lang='grc' dir='ltr'><strong><em>ὅτου</em></strong></span> <span class='ocrx_word' id='word_1_30' title='bbox 643 327 723 384; x_wconf 80' lang='grc' dir='ltr'><strong><em>γάρ</em></strong></span> <span class='ocrx_word' id='word_1_31' title='bbox 745 328 943 384; x_wconf 77' lang='grc' dir='ltr'><strong><em>περὶτῶν</em></strong></span> <span class='ocrx_word' id='word_1_32' title='bbox 961 326 1158 370; x_wconf 77' lang='grc' dir='ltr'><strong><em>τοιούτων</em></strong></span> <span class='ocrx_word' id='word_1_33' title='bbox 1184 323 1376 381; x_wconf 79' lang='grc' dir='ltr'><em>ἠρξάμην</em></span> <span class='ocrx_word' id='word_1_34' title='bbox 1391 326 1547 378; x_wconf 80' lang='grc' dir='ltr'><strong><em>λέγειν,</em></strong></span> <span class='ocrx_word' id='word_1_35' title='bbox 1571 325 1738 368; x_wconf 64' lang='grc' dir='ltr'><strong><em>πολλῶν</em></strong></span> <span class='ocrx_word' id='word_1_36' title='bbox 1784 377 1787 380; x_wconf 17' lang='grc' dir='ltr'>ι</span> 
     </span>
     <span class='ocr_line' id='line_1_5' title="bbox 310 385 1734 450; baseline -0.004 -13"><span class='ocrx_word' id='word_1_37' title='bbox 310 394 384 450; x_wconf 78' lang='grc' dir='ltr'><strong><em>τὴν</em></strong></span> <span class='ocrx_word' id='word_1_38' title='bbox 405 394 620 436; x_wconf 87' lang='grc' dir='ltr'><strong><em>διάστασιν</em></strong></span> <span class='ocrx_word' id='word_1_39' title='bbox 643 393 762 446; x_wconf 73' lang='grc' dir='ltr'><strong><em>ὑμῶν</em></strong></span> <span class='ocrx_word' id='word_1_40' title='bbox 788 389 937 435; x_wconf 71' lang='grc' dir='ltr'><strong><em>ε’ννοαῗν</em></strong></span> <span class='ocrx_word' id='word_1_41' title='bbox 963 390 1220 443; x_wconf 86' lang='grc' dir='ltr'><strong><em>αἰσθάνομαι</em></strong></span> <span class='ocrx_word' id='word_1_42' title='bbox 1250 390 1333 431; x_wconf 77' lang='grc' dir='ltr'><strong><em>τῶν</em></strong></span> <span class='ocrx_word' id='word_1_43' title='bbox 1361 387 1611 444; x_wconf 74' lang='grc' dir='ltr'><strong><em>ἀλγηδόνων·</em></strong></span> <span class='ocrx_word' id='word_1_44' title='bbox 1636 385 1734 431; x_wconf 78' lang='grc' dir='ltr'><strong><em>οἶδα</em></strong></span> 
     </span>
     <span class='ocr_line' id='line_1_6' title="bbox 312 450 1798 516; baseline -0.006 -15"><span class='ocrx_word' id='word_1_45' title='bbox 312 461 352 500; x_wconf 84' lang='grc' dir='ltr'><strong>δ’</strong></span> <span class='ocrx_word' id='word_1_46' title='bbox 378 461 422 501; x_wconf 79' lang='grc' dir='ltr'><strong>ἐν</strong></span> <span class='ocrx_word' id='word_1_47' title='bbox 450 461 507 516; x_wconf 76' lang='grc' dir='ltr'><strong><em>τῷ</em></strong></span> <span class='ocrx_word' id='word_1_48' title='bbox 529 450 634 511; x_wconf 81' lang='grc' dir='ltr'><strong><em>μετὰ</em></strong></span> <span class='ocrx_word' id='word_1_49' title='bbox 658 459 792 500; x_wconf 80' lang='grc' dir='ltr'><strong><em>ταῦτα</em></strong></span> <span class='ocrx_word' id='word_1_50' title='bbox 812 458 884 499; x_wconf 83' lang='grc' dir='ltr'>καί</span> <span class='ocrx_word' id='word_1_51' title='bbox 908 455 1105 499; x_wconf 85' lang='grc' dir='ltr'><strong><em>πλειόνων</em></strong></span> <span class='ocrx_word' id='word_1_52' title='bbox 1134 452 1438 509; x_wconf 85' lang='grc' dir='ltr'><strong><em>αἰσθησόμενος</em></strong></span> <span class='ocrx_word' id='word_1_53' title='bbox 1457 455 1530 496; x_wconf 81' lang='grc' dir='ltr'><strong><em>καί</em></strong></span> <span class='ocrx_word' id='word_1_54' title='bbox 1551 451 1760 511; x_wconf 80' lang='grc' dir='ltr'><strong><em>σφοδρο-5</em></strong></span> <span class='ocrx_word' id='word_1_55' title='bbox 1792 460 1798 467; x_wconf 78' lang='grc'><strong>”</strong></span> 
     </span>
    </p>

    <p class='ocr_par' dir='ltr' id='par_1_3' title="bbox 276 518 1789 1096">
     <span class='ocr_line' id='line_1_7' title="bbox 276 518 1734 580; baseline -0.003 -14"><span class='ocrx_word' id='word_1_56' title='bbox 276 526 452 579; x_wconf 83' lang='grc' dir='ltr'><strong><em>Βτέρων·</em></strong></span> <span class='ocrx_word' id='word_1_57' title='bbox 482 525 623 580; x_wconf 84' lang='grc' dir='ltr'><strong><em>φέρειν</em></strong></span> <span class='ocrx_word' id='word_1_58' title='bbox 643 524 689 566; x_wconf 82' lang='grc' dir='ltr'><strong>δὲ</strong></span> <span class='ocrx_word' id='word_1_59' title='bbox 709 519 878 577; x_wconf 71' lang='grc' dir='ltr'><strong><em>ἀνάγκη,</em></strong></span> <span class='ocrx_word' id='word_1_60' title='bbox 905 522 983 564; x_wconf 74' lang='grc' dir='ltr'><strong><em>τῶν</em></strong></span> <span class='ocrx_word' id='word_1_61' title='bbox 1004 519 1255 575; x_wconf 80' lang='grc' dir='ltr'><strong><em>πραγμάτων</em></strong></span> <span class='ocrx_word' id='word_1_62' title='bbox 1275 518 1524 573; x_wconf 77' lang='grc' dir='ltr'><strong><em>ἀσυμβάτως</em></strong></span> <span class='ocrx_word' id='word_1_63' title='bbox 1541 518 1734 572; x_wconf 67' lang='grc' dir='ltr'><strong><em>ἑχόντων·</em></strong></span> 
     </span>
     <span class='ocr_line' id='line_1_8' title="bbox 308 582 1733 642; baseline -0.004 -12"><span class='ocrx_word' id='word_1_64' title='bbox 308 589 349 630; x_wconf 84' lang='grc' dir='ltr'><strong><em>εἰ</em></strong></span> <span class='ocrx_word' id='word_1_65' title='bbox 367 590 445 642; x_wconf 83' lang='grc' dir='ltr'><strong><em>μὲν</em></strong></span> <span class='ocrx_word' id='word_1_66' title='bbox 467 582 565 640; x_wconf 71' lang='grc' dir='ltr'><strong><em>ου’ν,</em></strong></span> <span class='ocrx_word' id='word_1_67' title='bbox 602 582 737 642; x_wconf 74' lang='grc' dir='ltr'><strong><em>ὥσπερ</em></strong></span> <span class='ocrx_word' id='word_1_68' title='bbox 768 583 900 639; x_wconf 84' lang='grc' dir='ltr'><strong><em>εἶπον,</em></strong></span> <span class='ocrx_word' id='word_1_69' title='bbox 943 583 1157 639; x_wconf 75' lang='grc' dir='ltr'><strong><em>ἐθελήσετε</em></strong></span> <span class='ocrx_word' id='word_1_70' title='bbox 1177 585 1259 626; x_wconf 78' lang='grc' dir='ltr'><strong><em>τῶν</em></strong></span> <span class='ocrx_word' id='word_1_71' title='bbox 1279 583 1497 640; x_wconf 78' lang='grc' dir='ltr'><strong><em>προτέρων</em></strong></span> <span class='ocrx_word' id='word_1_72' title='bbox 1512 583 1733 637; x_wconf 72' lang='grc' dir='ltr'><strong><em>ἐχομένους</em></strong></span> 
     </span>
     <span class='ocr_line' id='line_1_9' title="bbox 308 646 1733 707; baseline -0.004 -13"><span class='ocrx_word' id='word_1_73' title='bbox 308 654 536 706; x_wconf 76' lang='grc' dir='ltr'><strong><em>λογισμῶν,</em></strong></span> <span class='ocrx_word' id='word_1_74' title='bbox 564 650 670 707; x_wconf 69' lang='grc' dir='ltr'><strong><em>ὑπὲρ</em></strong></span> <span class='ocrx_word' id='word_1_75' title='bbox 690 652 769 704; x_wconf 85' lang='grc' dir='ltr'><strong><em>μὲν</em></strong></span> <span class='ocrx_word' id='word_1_76' title='bbox 790 652 861 704; x_wconf 84' lang='grc' dir='ltr'><strong><em>τῆς</em></strong></span> <span class='ocrx_word' id='word_1_77' title='bbox 877 650 1078 706; x_wconf 80' lang='grc' dir='ltr'><strong><em>ἡμετέρας</em></strong></span> <span class='ocrx_word' id='word_1_78' title='bbox 1094 650 1300 703; x_wconf 80' lang='grc' dir='ltr'><strong><em>σωτηρίας</em></strong></span> <span class='ocrx_word' id='word_1_79' title='bbox 1323 646 1568 703; x_wconf 77' lang='grc' dir='ltr'><strong><em>φροντίσαι,</em></strong></span> <span class='ocrx_word' id='word_1_80' title='bbox 1594 648 1733 702; x_wconf 41' lang='grc' dir='ltr'><strong><em>»μηδὲν</em></strong></span> 
     </span>
     <span class='ocr_line' id='line_1_10' title="bbox 309 710 1734 771; baseline -0.004 -13"><span class='ocrx_word' id='word_1_81' title='bbox 309 719 355 760; x_wconf 83' lang='grc' dir='ltr'><strong>δὲ</strong></span> <span class='ocrx_word' id='word_1_82' title='bbox 371 715 476 759; x_wconf 81' lang='grc' dir='ltr'><strong><em>κατὰ</em></strong></span> <span class='ocrx_word' id='word_1_83' title='bbox 499 717 702 771; x_wconf 86' lang='grc' dir='ltr'><strong><em>βασιλέως</em></strong></span> <span class='ocrx_word' id='word_1_84' title='bbox 725 714 1037 769; x_wconf 77' lang='grc' dir='ltr'><strong><em>βουλεύσασθαι</em></strong></span> <span class='ocrx_word' id='word_1_85' title='bbox 1060 715 1142 756; x_wconf 78' lang='grc' dir='ltr'><strong><em>τῶν</em></strong></span> <span class='ocrx_word' id='word_1_86' title='bbox 1163 711 1399 765; x_wconf 81' lang='grc' dir='ltr'><strong><em>ἆπεικότων,</em></strong></span> <span class='ocrx_word' id='word_1_87' title='bbox 1418 710 1491 754; x_wconf 78' lang='grc' dir='ltr'><strong>καὶ</strong></span> <span class='ocrx_word' id='word_1_88' title='bbox 1499 710 1575 766; x_wconf 72' lang='grc' dir='ltr'><strong>ἐμὲ</strong></span> <span class='ocrx_word' id='word_1_89' title='bbox 1589 726 1734 754; x_wconf 85' lang='grc' dir='ltr'><strong><em>κοινω-</em></strong></span> 
     </span>
     <span class='ocr_line' id='line_1_11' title="bbox 309 771 1789 841; baseline -0.005 -17"><span class='ocrx_word' id='word_1_90' title='bbox 309 780 380 824; x_wconf 77' lang='grc' dir='ltr'><strong>νὸν</strong></span> <span class='ocrx_word' id='word_1_91' title='bbox 405 783 513 831; x_wconf 69' lang='grc' dir='ltr'><strong><em>ἕξετε</em></strong></span> <span class='ocrx_word' id='word_1_92' title='bbox 540 782 622 823; x_wconf 78' lang='grc' dir='ltr'><strong><em>τῶν</em></strong></span> <span class='ocrx_word' id='word_1_93' title='bbox 648 781 949 836; x_wconf 85' lang='grc' dir='ltr'><strong><em>πραττομένων·</em></strong></span> <span class='ocrx_word' id='word_1_94' title='bbox 997 780 1037 820; x_wconf 85' lang='grc' dir='ltr'><strong><em>εἰ</em></strong></span> <span class='ocrx_word' id='word_1_95' title='bbox 1065 780 1103 819; x_wconf 83' lang='grc' dir='ltr'><strong>δ’</strong></span> <span class='ocrx_word' id='word_1_96' title='bbox 1128 775 1279 833; x_wconf 75' lang='grc' dir='ltr'><strong><em>ἑτέρως</em></strong></span> <span class='ocrx_word' id='word_1_97' title='bbox 1319 775 1422 831; x_wconf 79' lang='grc' dir='ltr'><strong>ὖμῖν</strong></span> <span class='ocrx_word' id='word_1_98' title='bbox 1454 777 1585 830; x_wconf 76' lang='grc' dir='ltr'><strong><em>δοκεῖ,</em></strong></span> <span class='ocrx_word' id='word_1_99' title='bbox 1613 771 1789 841; x_wconf 61' lang='lat' dir='ltr'><strong>onichino</strong></span> 
     </span>
     <span class='ocr_line' id='line_1_12' title="bbox 308 839 1731 899; baseline -0.004 -11"><span class='ocrx_word' id='word_1_100' title='bbox 308 842 408 888; x_wconf 71' lang='grc' dir='ltr'><strong><em>ἄλλο</em></strong></span> <span class='ocrx_word' id='word_1_101' title='bbox 441 843 604 899; x_wconf 82' lang='grc' dir='ltr'><strong><em>λοιπὸν,</em></strong></span> <span class='ocrx_word' id='word_1_102' title='bbox 642 840 670 898; x_wconf 76' lang='grc' dir='ltr'><em>ἢ</em></span> <span class='ocrx_word' id='word_1_103' title='bbox 692 842 822 886; x_wconf 76' lang='grc' dir='ltr'><strong><em>πολλὰ</em></strong></span> <span class='ocrx_word' id='word_1_104' title='bbox 843 845 917 898; x_wconf 79' lang='grc' dir='ltr'><strong><em>τῆς</em></strong></span> <span class='ocrx_word' id='word_1_105' title='bbox 939 844 996 893; x_wconf 85' lang='grc' dir='ltr'><strong><em>εἷς</em></strong></span> <span class='ocrx_word' id='word_1_106' title='bbox 1017 844 1090 896; x_wconf 81' lang='grc' dir='ltr'><strong><em>ἐμὲ</em></strong></span> <span class='ocrx_word' id='word_1_107' title='bbox 1114 841 1254 898; x_wconf 88' lang='grc' dir='ltr'><strong><em>φιλίας</em></strong></span> <span class='ocrx_word' id='word_1_108' title='bbox 1278 841 1552 895; x_wconf 81' lang='grc' dir='ltr'><strong><em>ἐπευξάμενον</em></strong></span> <span class='ocrx_word' id='word_1_109' title='bbox 1575 839 1731 896; x_wconf 81' lang='grc' dir='ltr'><strong><em>α’γαθά,</em></strong></span> 
     </span>
     <span class='ocr_line' id='line_1_13' title="bbox 308 905 1735 964; baseline -0.004 -12"><span class='ocrx_word' id='word_1_110' title='bbox 308 915 404 952; x_wconf 87' lang='grc' dir='ltr'><strong><em>καθ’</em></strong></span> <span class='ocrx_word' id='word_1_111' title='bbox 420 908 566 953; x_wconf 73' lang='grc' dir='ltr'><strong><em>ἑαυτὸν</em></strong></span> <span class='ocrx_word' id='word_1_112' title='bbox 590 907 619 951; x_wconf 77' lang='grc' dir='ltr'>ἅ</span> <span class='ocrx_word' id='word_1_113' title='bbox 643 925 716 962; x_wconf 92' lang='grc' dir='ltr'><strong><em>μοι</em></strong></span> <span class='ocrx_word' id='word_1_114' title='bbox 740 910 844 951; x_wconf 76' lang='grc' dir='ltr'><strong><em>δοκῶ</em></strong></span> <span class='ocrx_word' id='word_1_115' title='bbox 867 909 1135 964; x_wconf 89' lang='grc' dir='ltr'><strong><em>συμφέροντα</em></strong></span> <span class='ocrx_word' id='word_1_116' title='bbox 1158 907 1394 964; x_wconf 81' lang='grc' dir='ltr'><strong><em>πράττειν.”</em></strong></span> <span class='ocrx_word' id='word_1_117' title='bbox 1453 907 1638 949; x_wconf 78' lang='grc' dir='ltr'><strong><em>Τοιαῦτα</em></strong></span> <span class='ocrx_word' id='word_1_118' title='bbox 1661 905 1735 947; x_wconf 73' lang='grc' dir='ltr'><strong><em>κατ’</em></strong></span> 
     </span>
     <span class='ocr_line' id='line_1_14' title="bbox 306 968 1732 1029; baseline -0.004 -11"><span class='ocrx_word' id='word_1_119' title='bbox 306 977 384 1018; x_wconf 76' lang='grc' dir='ltr'><strong><em>τοῦ</em></strong></span> <span class='ocrx_word' id='word_1_120' title='bbox 404 974 607 1029; x_wconf 87' lang='grc' dir='ltr'><strong><em>βασιλέως</em></strong></span> <span class='ocrx_word' id='word_1_121' title='bbox 639 974 822 1023; x_wconf 79' lang='grc' dir='ltr'><strong><em>εἰπόντος</em></strong></span> <span class='ocrx_word' id='word_1_122' title='bbox 832 1006 844 1025; x_wconf 93' lang='grc'><strong><em>,</em></strong></span> <span class='ocrx_word' id='word_1_123' title='bbox 886 972 959 1015; x_wconf 70' lang='grc' dir='ltr'><strong><em>ἐπὶ</em></strong></span> <span class='ocrx_word' id='word_1_124' title='bbox 979 971 1084 1014; x_wconf 78' lang='grc' dir='ltr'><strong><em>πολὺ</em></strong></span> <span class='ocrx_word' id='word_1_125' title='bbox 1112 975 1190 1026; x_wconf 80' lang='grc' dir='ltr'><strong><em>μὲν</em></strong></span> <span class='ocrx_word' id='word_1_126' title='bbox 1219 969 1325 1025; x_wconf 80' lang='grc' dir='ltr'><strong><em>πρὸς</em></strong></span> <span class='ocrx_word' id='word_1_127' title='bbox 1355 968 1558 1028; x_wconf 80' lang='grc' dir='ltr'><strong><em>ἆλλήλους</em></strong></span> <span class='ocrx_word' id='word_1_128' title='bbox 1575 969 1732 1028; x_wconf 72' lang='grc' dir='ltr'><strong><em>ἐώρων,</em></strong></span> 
     </span>
     <span class='ocr_line' id='line_1_15' title="bbox 306 1033 1730 1096; baseline -0.002 -14"><span class='ocrx_word' id='word_1_129' title='bbox 306 1039 354 1082; x_wconf 80' lang='grc' dir='ltr'><strong><em>τὸ</em></strong></span> <span class='ocrx_word' id='word_1_130' title='bbox 381 1043 451 1096; x_wconf 81' lang='grc' dir='ltr'><strong><em>τῆς</em></strong></span> <span class='ocrx_word' id='word_1_131' title='bbox 480 1039 642 1094; x_wconf 82' lang='grc' dir='ltr'><strong><em>γνώμης</em></strong></span> <span class='ocrx_word' id='word_1_132' title='bbox 669 1038 952 1092; x_wconf 85' lang='grc' dir='ltr'><strong><em>θαυμάζοντες</em></strong></span> <span class='ocrx_word' id='word_1_133' title='bbox 975 1039 1045 1080; x_wconf 73' lang='grc' dir='ltr'><strong><em>ἐπὶ</em></strong></span> <span class='ocrx_word' id='word_1_134' title='bbox 1071 1036 1121 1080; x_wconf 80' lang='grc' dir='ltr'><strong><em>τὰ</em></strong></span> <span class='ocrx_word' id='word_1_135' title='bbox 1149 1035 1254 1079; x_wconf 81' lang='grc' dir='ltr'><strong><em>καλοὶ</em></strong></span> <span class='ocrx_word' id='word_1_136' title='bbox 1279 1035 1477 1093; x_wconf 85' lang='grc' dir='ltr'><strong><em>βεβηκὸς,</em></strong></span> <span class='ocrx_word' id='word_1_137' title='bbox 1517 1033 1573 1087; x_wconf 76' lang='grc' dir='ltr'><strong>ὥς</strong></span> <span class='ocrx_word' id='word_1_138' title='bbox 1599 1037 1730 1092; x_wconf 75' lang='grc' dir='ltr'><strong><em>μηδὲν</em></strong></span> 
     </span>
    </p>

    <p class='ocr_par' dir='ltr' id='par_1_4' title="bbox 218 1099 1807 1673">
     <span class='ocr_line' id='line_1_16' title="bbox 218 1099 1784 1159; baseline -0.003 -12"><span class='ocrx_word' id='word_1_139' title='bbox 218 1103 222 1106; x_wconf 56' lang='grc'><strong>’</strong></span> <span class='ocrx_word' id='word_1_140' title='bbox 270 1114 296 1147; x_wconf 91' lang='lat' dir='ltr'>C</span> <span class='ocrx_word' id='word_1_141' title='bbox 311 1106 384 1159; x_wconf 82' lang='grc' dir='ltr'><strong><em>τῆς</em></strong></span> <span class='ocrx_word' id='word_1_142' title='bbox 405 1102 506 1159; x_wconf 80' lang='grc' dir='ltr'><strong><em>πρὸς</em></strong></span> <span class='ocrx_word' id='word_1_143' title='bbox 528 1102 601 1145; x_wconf 81' lang='grc' dir='ltr'><strong><em>τὸν</em></strong></span> <span class='ocrx_word' id='word_1_144' title='bbox 621 1104 797 1156; x_wconf 80' lang='grc' dir='ltr'><strong><em>βασιλέα</em></strong></span> <span class='ocrx_word' id='word_1_145' title='bbox 815 1104 888 1144; x_wconf 81' lang='grc' dir='ltr'><strong><em>καί</em></strong></span> <span class='ocrx_word' id='word_1_146' title='bbox 907 1102 1073 1144; x_wconf 82' lang='grc' dir='ltr'><strong><em>πάππον</em></strong></span> <span class='ocrx_word' id='word_1_147' title='bbox 1095 1104 1240 1150; x_wconf 75' lang='grc' dir='ltr'><strong><em>αἰδοῦς</em></strong></span> <span class='ocrx_word' id='word_1_148' title='bbox 1263 1099 1448 1158; x_wconf 67' lang='grc' dir='ltr'><strong><em>ὑφεῖναι,</em></strong></span> <span class='ocrx_word' id='word_1_149' title='bbox 1475 1102 1614 1144; x_wconf 84' lang='grc' dir='ltr'><strong><em>καίτοι</em></strong></span> <span class='ocrx_word' id='word_1_150' title='bbox 1630 1099 1784 1143; x_wconf 77' lang='grc' dir='ltr'><strong><em>πολ-15</em></strong></span> 
     </span>
     <span class='ocr_line' id='line_1_17' title="bbox 305 1164 1728 1223; baseline -0.002 -12"><span class='ocrx_word' id='word_1_151' title='bbox 305 1173 393 1219; x_wconf 85' lang='grc' dir='ltr'><strong>λοῖς</strong></span> <span class='ocrx_word' id='word_1_152' title='bbox 410 1165 539 1210; x_wconf 68' lang='grc' dir='ltr'><strong><em>αὐτὸν</em></strong></span> <span class='ocrx_word' id='word_1_153' title='bbox 562 1174 649 1216; x_wconf 84' lang='grc' dir='ltr'><strong><em>τοῖς</em></strong></span> <span class='ocrx_word' id='word_1_154' title='bbox 673 1167 874 1210; x_wconf 78' lang='grc' dir='ltr'><strong><em>λυποῦσιν</em></strong></span> <span class='ocrx_word' id='word_1_155' title='bbox 899 1167 1187 1221; x_wconf 74' lang='grc' dir='ltr'><strong><em>ἀμειβομένου.</em></strong></span> <span class='ocrx_word' id='word_1_156' title='bbox 1240 1164 1322 1209; x_wconf 81' lang='grc' dir='ltr'><strong><em>εἶθ’</em></strong></span> <span class='ocrx_word' id='word_1_157' title='bbox 1351 1166 1376 1207; x_wconf 77' lang='grc' dir='ltr'><em>ὅ</em></span> <span class='ocrx_word' id='word_1_158' title='bbox 1392 1164 1728 1223; x_wconf 79' lang='grc' dir='ltr'><strong><em>πρωτοστράτωρ</em></strong></span> 
     </span>
     <span class='ocr_line' id='line_1_18' title="bbox 307 1227 1731 1288; baseline -0.002 -13"><span class='ocrx_word' id='word_1_159' title='bbox 307 1233 550 1288; x_wconf 80' lang='grc' dir='ltr'><strong><em>ἀπεκρίνατο</em></strong></span> <span class='ocrx_word' id='word_1_160' title='bbox 576 1233 763 1273; x_wconf 77' lang='grc' dir='ltr'><strong><em>τοιαῦτα·</em></strong></span> <span class='ocrx_word' id='word_1_161' title='bbox 799 1232 951 1287; x_wconf 83' lang='grc' dir='ltr'><strong><em>,,ἦμῑ’ν,</em></strong></span> <span class='ocrx_word' id='word_1_162' title='bbox 992 1227 1029 1273; x_wconf 71' lang='grc' dir='ltr'><strong>αἶ</strong></span> <span class='ocrx_word' id='word_1_163' title='bbox 1057 1232 1243 1285; x_wconf 82' lang='grc' dir='ltr'><strong><em>βασιλεῦ’,</em></strong></span> <span class='ocrx_word' id='word_1_164' title='bbox 1280 1229 1324 1273; x_wconf 84' lang='grc' dir='ltr'><strong><em>τὸ</em></strong></span> <span class='ocrx_word' id='word_1_165' title='bbox 1359 1232 1575 1288; x_wconf 84' lang='grc' dir='ltr'><strong><em>συμφέρον</em></strong></span> <span class='ocrx_word' id='word_1_166' title='bbox 1598 1231 1731 1273; x_wconf 75' lang='grc' dir='ltr'><strong><em>σοι’τε</em></strong></span> 
     </span>
     <span class='ocr_line' id='line_1_19' title="bbox 306 1293 1731 1353; baseline -0.001 -15"><span class='ocrx_word' id='word_1_167' title='bbox 306 1299 378 1338; x_wconf 84' lang='grc' dir='ltr'><em>καί</em></span> <span class='ocrx_word' id='word_1_168' title='bbox 392 1297 494 1351; x_wconf 77' lang='grc' dir='ltr'><strong><em>ἡμῖν</em></strong></span> <span class='ocrx_word' id='word_1_169' title='bbox 522 1296 664 1353; x_wconf 76' lang='grc' dir='ltr'><strong><em>αὕτοῖς</em></strong></span> <span class='ocrx_word' id='word_1_170' title='bbox 692 1298 927 1348; x_wconf 79' lang='grc' dir='ltr'><strong><em>σκοποῦσιν,</em></strong></span> <span class='ocrx_word' id='word_1_171' title='bbox 955 1293 984 1336; x_wconf 73' lang='grc' dir='ltr'><em>ἃ</em></span> <span class='ocrx_word' id='word_1_172' title='bbox 1008 1299 1231 1338; x_wconf 80' lang='grc' dir='ltr'><strong><em>λυσιτελεῖν</em></strong></span> <span class='ocrx_word' id='word_1_173' title='bbox 1252 1297 1498 1349; x_wconf 79' lang='grc' dir='ltr'><strong><em>ἐδοκοῦμεν,</em></strong></span> <span class='ocrx_word' id='word_1_174' title='bbox 1525 1295 1731 1352; x_wconf 75' lang='grc' dir='ltr'><strong><em>ἐφθεγξά-</em></strong></span> 
     </span>
     <span class='ocr_line' id='line_1_20' title="bbox 304 1357 1730 1416; baseline -0.001 -14"><span class='ocrx_word' id='word_1_175' title='bbox 304 1364 430 1414; x_wconf 89' lang='grc' dir='ltr'><strong><em>μεθα.</em></strong></span> <span class='ocrx_word' id='word_1_176' title='bbox 459 1358 488 1402; x_wconf 73' lang='grc' dir='ltr'><em>ἃ</em></span> <span class='ocrx_word' id='word_1_177' title='bbox 510 1362 556 1402; x_wconf 82' lang='grc' dir='ltr'><strong>δὲ</strong></span> <span class='ocrx_word' id='word_1_178' title='bbox 579 1362 674 1416; x_wconf 75' lang='grc' dir='ltr'><strong><em>περὶ</em></strong></span> <span class='ocrx_word' id='word_1_179' title='bbox 688 1362 890 1414; x_wconf 86' lang='grc' dir='ltr'><strong><em>βασιλέως</em></strong></span> <span class='ocrx_word' id='word_1_180' title='bbox 909 1357 1198 1416; x_wconf 80' lang='grc' dir='ltr'><strong><em>ἐφθεγξάμεθα</em></strong></span> <span class='ocrx_word' id='word_1_181' title='bbox 1207 1393 1221 1413; x_wconf 91' lang='grc'><strong><em>,</em></strong></span> <span class='ocrx_word' id='word_1_182' title='bbox 1264 1360 1338 1402; x_wconf 72' lang='grc' dir='ltr'><strong>οὐκ</strong></span> <span class='ocrx_word' id='word_1_183' title='bbox 1366 1358 1470 1402; x_wconf 69' lang='grc' dir='ltr'><strong><em>αὐτὰ</em></strong></span> <span class='ocrx_word' id='word_1_184' title='bbox 1497 1362 1623 1402; x_wconf 77' lang='grc' dir='ltr'><strong><em>τοῦτο</em></strong></span> <span class='ocrx_word' id='word_1_185' title='bbox 1649 1360 1730 1413; x_wconf 82' lang='grc' dir='ltr'><strong><em>μό-</em></strong></span> 
     </span>
     <span class='ocr_line' id='line_1_21' title="bbox 304 1420 1807 1482; baseline 0.001 -15"><span class='ocrx_word' id='word_1_186' title='bbox 304 1441 374 1467; x_wconf 91' lang='grc' dir='ltr'><strong>νον</strong></span> <span class='ocrx_word' id='word_1_187' title='bbox 396 1422 508 1473; x_wconf 77' lang='grc' dir='ltr'><strong><em>ὅπως</em></strong></span> <span class='ocrx_word' id='word_1_188' title='bbox 529 1423 654 1466; x_wconf 90' lang='grc' dir='ltr'><strong><em>κακόν</em></strong></span> <span class='ocrx_word' id='word_1_189' title='bbox 672 1440 711 1466; x_wconf 86' lang='grc' dir='ltr'><strong><em>τι</em></strong></span> <span class='ocrx_word' id='word_1_190' title='bbox 725 1425 855 1466; x_wconf 90' lang='grc' dir='ltr'><strong><em>πάθοι</em></strong></span> <span class='ocrx_word' id='word_1_191' title='bbox 869 1426 1113 1472; x_wconf 77' lang='grc' dir='ltr'><strong><em>σκοποῦντες</em></strong></span> <span class='ocrx_word' id='word_1_192' title='bbox 1137 1426 1488 1478; x_wconf 70' lang='grc' dir='ltr'><strong><em>ἐβουλευσάμεθα,</em></strong></span> <span class='ocrx_word' id='word_1_193' title='bbox 1516 1424 1607 1468; x_wconf 67' lang='grc' dir='ltr'><strong><em>ἀλλ’</em></strong></span> <span class='ocrx_word' id='word_1_194' title='bbox 1622 1420 1807 1482; x_wconf 44' lang='grc' dir='ltr'><strong><em>ὅπωςαοζ</em></strong></span> 
     </span>
     <span class='ocr_line' id='line_1_22' title="bbox 303 1486 1728 1545; baseline 0 -16"><span class='ocrx_word' id='word_1_195' title='bbox 303 1489 361 1543; x_wconf 81' lang='grc' dir='ltr'><strong><em>μὴ</em></strong></span> <span class='ocrx_word' id='word_1_196' title='bbox 386 1487 491 1542; x_wconf 79' lang='grc' dir='ltr'><strong><em>μετὰ</em></strong></span> <span class='ocrx_word' id='word_1_197' title='bbox 515 1487 560 1531; x_wconf 82' lang='grc' dir='ltr'><strong><em>τὸ</em></strong></span> <span class='ocrx_word' id='word_1_198' title='bbox 589 1491 779 1545; x_wconf 74' lang='grc' dir='ltr'><strong><em>φανερῶς</em></strong></span> <span class='ocrx_word' id='word_1_199' title='bbox 801 1489 860 1537; x_wconf 83' lang='grc' dir='ltr'><strong><em>εἷς</em></strong></span> <span class='ocrx_word' id='word_1_200' title='bbox 883 1486 954 1531; x_wconf 84' lang='grc' dir='ltr'><strong><em>τὸν</em></strong></span> <span class='ocrx_word' id='word_1_201' title='bbox 973 1488 1149 1541; x_wconf 85' lang='grc' dir='ltr'><strong><em>πόλεμον</em></strong></span> <span class='ocrx_word' id='word_1_202' title='bbox 1167 1490 1445 1544; x_wconf 81' lang='grc' dir='ltr'><strong><em>καταστῆναι,</em></strong></span> <span class='ocrx_word' id='word_1_203' title='bbox 1471 1490 1536 1539; x_wconf 80' lang='grc' dir='ltr'><strong>τίς</strong></span> <span class='ocrx_word' id='word_1_204' title='bbox 1558 1488 1728 1530; x_wconf 73' lang='grc' dir='ltr'><strong><em>ὑπολεί-</em></strong></span> 
     </span>
     <span class='ocr_line' id='line_1_23' title="bbox 304 1550 1728 1608; baseline 0.001 -15"><span class='ocrx_word' id='word_1_205' title='bbox 304 1568 417 1594; x_wconf 88' lang='grc' dir='ltr'><strong><em>ποιτο</em></strong></span> <span class='ocrx_word' id='word_1_206' title='bbox 447 1551 552 1606; x_wconf 79' lang='grc' dir='ltr'><strong><em>μετὰ</em></strong></span> <span class='ocrx_word' id='word_1_207' title='bbox 580 1553 656 1594; x_wconf 80' lang='grc' dir='ltr'><strong><em>σοῦ</em></strong></span> <span class='ocrx_word' id='word_1_208' title='bbox 682 1553 907 1608; x_wconf 76' lang='grc' dir='ltr'><strong><em>προσδοκία</em></strong></span> <span class='ocrx_word' id='word_1_209' title='bbox 935 1553 1087 1593; x_wconf 79' lang='grc' dir='ltr'><strong><em>δεινοῦ·</em></strong></span> <span class='ocrx_word' id='word_1_210' title='bbox 1112 1554 1230 1594; x_wconf 78' lang='grc' dir='ltr'><strong><em>τοῦτο</em></strong></span> <span class='ocrx_word' id='word_1_211' title='bbox 1256 1550 1334 1608; x_wconf 82' lang='grc' dir='ltr'><strong><em>γὰρ</em></strong></span> <span class='ocrx_word' id='word_1_212' title='bbox 1368 1552 1468 1608; x_wconf 80' lang='grc' dir='ltr'><strong><em>ἡμῖν</em></strong></span> <span class='ocrx_word' id='word_1_213' title='bbox 1490 1553 1589 1607; x_wconf 69' lang='grc' dir='ltr'><strong><em>περὶ</em></strong></span> <span class='ocrx_word' id='word_1_214' title='bbox 1612 1552 1728 1594; x_wconf 84' lang='grc' dir='ltr'><strong><em>πλεί-</em></strong></span> 
     </span>
     <span class='ocr_line' id='line_1_24' title="bbox 304 1613 1732 1673; baseline 0 -14"><span class='ocrx_word' id='word_1_215' title='bbox 304 1632 403 1660; x_wconf 89' lang='grc' dir='ltr'><strong><em>στου</em></strong></span> <span class='ocrx_word' id='word_1_216' title='bbox 435 1623 656 1660; x_wconf 85' lang='grc' dir='ltr'><strong><em>σκοπεΐται.</em></strong></span> <span class='ocrx_word' id='word_1_217' title='bbox 694 1618 785 1659; x_wconf 74' lang='grc' dir='ltr'><strong><em>ἐπεὶ</em></strong></span> <span class='ocrx_word' id='word_1_218' title='bbox 825 1618 863 1658; x_wconf 86' lang='grc' dir='ltr'><strong>δ’</strong></span> <span class='ocrx_word' id='word_1_219' title='bbox 897 1615 956 1666; x_wconf 70' lang='grc' dir='ltr'><strong>ὥς</strong></span> <span class='ocrx_word' id='word_1_220' title='bbox 988 1613 1227 1671; x_wconf 72' lang='grc' dir='ltr'><strong><em>ἠκούσαμεν</em></strong></span> <span class='ocrx_word' id='word_1_221' title='bbox 1257 1622 1328 1673; x_wconf 83' lang='grc' dir='ltr'><strong><em>τῆς</em></strong></span> <span class='ocrx_word' id='word_1_222' title='bbox 1361 1620 1422 1667; x_wconf 86' lang='grc' dir='ltr'><strong><em>εἰς</em></strong></span> <span class='ocrx_word' id='word_1_223' title='bbox 1447 1616 1517 1661; x_wconf 83' lang='grc' dir='ltr'><strong><em>τὸν</em></strong></span> <span class='ocrx_word' id='word_1_224' title='bbox 1548 1617 1732 1673; x_wconf 66' lang='grc' dir='ltr'><strong>βασιλέαΔ</strong></span> 
     </span>
    </p>
   </div>
   <div class='ocr_carea' id='block_1_3' title="bbox 1775 0 1832 1837">
    <p class='ocr_par' dir='ltr' id='par_1_5' title="bbox 1775 0 1832 1837">
     <span class='ocr_line' id='line_1_25' title="bbox 1775 0 1832 1837; baseline 0 0"><span class='ocrx_word' id='word_1_225' title='bbox 1775 0 1832 1837; x_wconf 95' lang='lat' dir='ltr'><strong>   </strong></span> 
     </span>
    </p>
   </div>
   <div class='ocr_carea' id='block_1_4' title="bbox 399 1689 1309 1755">
    <p class='ocr_par' dir='ltr' id='par_1_6' title="bbox 399 1689 1309 1755">
     <span class='ocr_line' id='line_1_26' title="bbox 399 1689 1309 1755; baseline 0.001 -13"><span class='ocrx_word' id='word_1_226' title='bbox 399 1708 450 1742; x_wconf 78' lang='lat'><strong>18.</strong></span> <span class='ocrx_word' id='word_1_227' title='bbox 478 1707 532 1740; x_wconf 87' lang='lat' dir='ltr'><strong>Ita</strong></span> <span class='ocrx_word' id='word_1_228' title='bbox 558 1708 631 1742; x_wconf 87' lang='grc' dir='ltr'>ΕΙ).</span> <span class='ocrx_word' id='word_1_229' title='bbox 656 1709 691 1742; x_wconf 88' lang='lat' dir='ltr'><strong>P.</strong></span> <span class='ocrx_word' id='word_1_230' title='bbox 714 1719 779 1754; x_wconf 87' lang='lat' dir='ltr'><strong>pro</strong></span> <span class='ocrx_word' id='word_1_231' title='bbox 802 1706 1071 1755; x_wconf 71' lang='grc' dir='ltr'><strong><em>ἐφθεγξάμεθα</em></strong></span> <span class='ocrx_word' id='word_1_232' title='bbox 1090 1689 1309 1754; x_wconf 37' lang='grc' dir='ltr'><strong><em>ἐδοκοῦμεν,</em></strong></span> 
     </span>
    </p>
   </div>
   <div class='ocr_carea' id='block_1_5' title="bbox 299 1784 1724 2706">
    <p class='ocr_par' dir='ltr' id='par_1_7' title="bbox 299 1784 1724 2706">
     <span class='ocr_line' id='line_1_27' title="bbox 303 1784 1724 1830; baseline 0.001 -12"><span class='ocrx_word' id='word_1_233' title='bbox 303 1785 424 1819; x_wconf 82' lang='lat' dir='ltr'><strong>nietis.</strong></span> <span class='ocrx_word' id='word_1_234' title='bbox 471 1784 525 1819; x_wconf 89' lang='lat' dir='ltr'><strong>Ne</strong></span> <span class='ocrx_word' id='word_1_235' title='bbox 551 1797 634 1820; x_wconf 87' lang='lat' dir='ltr'><strong>vero</strong></span> <span class='ocrx_word' id='word_1_236' title='bbox 653 1786 897 1828; x_wconf 83' lang='lat' dir='ltr'><strong>arbitremini,</strong></span> <span class='ocrx_word' id='word_1_237' title='bbox 929 1792 992 1821; x_wconf 81' lang='lat' dir='ltr'><strong>ant</strong></span> <span class='ocrx_word' id='word_1_238' title='bbox 1010 1786 1103 1820; x_wconf 82' lang='lat' dir='ltr'><strong>hanc</strong></span> <span class='ocrx_word' id='word_1_239' title='bbox 1123 1786 1383 1830; x_wconf 81' lang='lat' dir='ltr'>separationem</span> <span class='ocrx_word' id='word_1_240' title='bbox 1402 1786 1494 1820; x_wconf 84' lang='lat' dir='ltr'><strong>mihi</strong></span> <span class='ocrx_word' id='word_1_241' title='bbox 1509 1797 1583 1820; x_wconf 86' lang='lat' dir='ltr'><strong>non</strong></span> <span class='ocrx_word' id='word_1_242' title='bbox 1606 1786 1724 1820; x_wconf 82' lang='lat' dir='ltr'><strong>mole-</strong></span> 
     </span>
     <span class='ocr_line' id='line_1_28' title="bbox 304 1831 1722 1878; baseline 0.001 -15"><span class='ocrx_word' id='word_1_243' title='bbox 304 1837 393 1865; x_wconf 79' lang='lat' dir='ltr'><strong>stam</strong></span> <span class='ocrx_word' id='word_1_244' title='bbox 412 1831 589 1872; x_wconf 84' lang='lat' dir='ltr'><strong>accidere,</strong></span> <span class='ocrx_word' id='word_1_245' title='bbox 622 1838 684 1866; x_wconf 84' lang='lat' dir='ltr'><strong>aut</strong></span> <span class='ocrx_word' id='word_1_246' title='bbox 705 1844 766 1866; x_wconf 83' lang='lat' dir='ltr'><strong>vos</strong></span> <span class='ocrx_word' id='word_1_247' title='bbox 779 1858 788 1874; x_wconf 93' lang='lat'><strong>,</strong></span> <span class='ocrx_word' id='word_1_248' title='bbox 813 1844 877 1867; x_wconf 88' lang='lat' dir='ltr'><strong>ceu</strong></span> <span class='ocrx_word' id='word_1_249' title='bbox 897 1833 1058 1866; x_wconf 80' lang='lat' dir='ltr'><strong>homines</strong></span> <span class='ocrx_word' id='word_1_250' title='bbox 1077 1834 1182 1866; x_wconf 84' lang='lat' dir='ltr'><strong>nauci</strong></span> <span class='ocrx_word' id='word_1_251' title='bbox 1206 1845 1226 1866; x_wconf 81' lang='lat' dir='ltr'><strong>a</strong></span> <span class='ocrx_word' id='word_1_252' title='bbox 1245 1844 1301 1866; x_wconf 90' lang='lat' dir='ltr'><strong>me</strong></span> <span class='ocrx_word' id='word_1_253' title='bbox 1323 1833 1424 1866; x_wconf 84' lang='lat' dir='ltr'><strong>reiici</strong></span> <span class='ocrx_word' id='word_1_254' title='bbox 1450 1834 1490 1866; x_wconf 89' lang='lat' dir='ltr'><strong>in</strong></span> <span class='ocrx_word' id='word_1_255' title='bbox 1508 1833 1722 1878; x_wconf 75' lang='lat' dir='ltr'><strong>praesentia.</strong></span> 
     </span>
     <span class='ocr_line' id='line_1_29' title="bbox 302 1877 1722 1923; baseline 0.002 -14"><span class='ocrx_word' id='word_1_256' title='bbox 302 1877 355 1910; x_wconf 86' lang='lat' dir='ltr'><strong>Ex</strong></span> <span class='ocrx_word' id='word_1_257' title='bbox 385 1889 455 1923; x_wconf 89' lang='lat' dir='ltr'><strong>quo</strong></span> <span class='ocrx_word' id='word_1_258' title='bbox 492 1879 587 1910; x_wconf 91' lang='lat' dir='ltr'><strong>enim</strong></span> <span class='ocrx_word' id='word_1_259' title='bbox 624 1878 719 1912; x_wconf 89' lang='lat' dir='ltr'><strong>hunc</strong></span> <span class='ocrx_word' id='word_1_260' title='bbox 752 1890 950 1913; x_wconf 88' lang='lat' dir='ltr'><strong>sermonem</strong></span> <span class='ocrx_word' id='word_1_261' title='bbox 980 1891 1078 1913; x_wconf 85' lang='lat' dir='ltr'><strong>orsus</strong></span> <span class='ocrx_word' id='word_1_262' title='bbox 1099 1891 1194 1920; x_wconf 85' lang='lat' dir='ltr'><strong>sum,</strong></span> <span class='ocrx_word' id='word_1_263' title='bbox 1231 1890 1273 1913; x_wconf 63' lang='lat' dir='ltr'><strong>ex</strong></span> <span class='ocrx_word' id='word_1_264' title='bbox 1293 1879 1509 1923; x_wconf 80' lang='lat' dir='ltr'><strong>cogitatione</strong></span> <span class='ocrx_word' id='word_1_265' title='bbox 1539 1878 1722 1912; x_wconf 79' lang='lat' dir='ltr'><strong>distracti-</strong></span> 
     </span>
     <span class='ocr_line' id='line_1_30' title="bbox 304 1923 1722 1968; baseline 0.002 -13"><span class='ocrx_word' id='word_1_266' title='bbox 304 1923 379 1955; x_wconf 89' lang='lat' dir='ltr'><strong>onis</strong></span> <span class='ocrx_word' id='word_1_267' title='bbox 403 1929 545 1956; x_wconf 83' lang='lat' dir='ltr'><strong>nostrae</strong></span> <span class='ocrx_word' id='word_1_268' title='bbox 571 1923 755 1958; x_wconf 89' lang='lat' dir='ltr'><strong>doloribus</strong></span> <span class='ocrx_word' id='word_1_269' title='bbox 779 1925 902 1959; x_wconf 85' lang='lat' dir='ltr'><strong>multis</strong></span> <span class='ocrx_word' id='word_1_270' title='bbox 926 1926 1122 1968; x_wconf 79' lang='lat' dir='ltr'><strong>cumulatus</strong></span> <span class='ocrx_word' id='word_1_271' title='bbox 1147 1931 1202 1959; x_wconf 85' lang='lat' dir='ltr'><strong>est</strong></span> <span class='ocrx_word' id='word_1_272' title='bbox 1227 1924 1317 1958; x_wconf 89' lang='lat' dir='ltr'><strong>mihi</strong></span> <span class='ocrx_word' id='word_1_273' title='bbox 1341 1926 1501 1964; x_wconf 82' lang='lat' dir='ltr'><strong>animus,</strong></span> <span class='ocrx_word' id='word_1_274' title='bbox 1537 1930 1574 1957; x_wconf 88' lang='lat' dir='ltr'><strong>et</strong></span> <span class='ocrx_word' id='word_1_275' title='bbox 1598 1935 1655 1957; x_wconf 92' lang='lat' dir='ltr'><strong>me</strong></span> <span class='ocrx_word' id='word_1_276' title='bbox 1681 1926 1722 1958; x_wconf 81' lang='lat' dir='ltr'><strong>in</strong></span> 
     </span>
     <span class='ocr_line' id='line_1_31' title="bbox 301 1969 1722 2015; baseline 0.002 -15"><span class='ocrx_word' id='word_1_277' title='bbox 301 1974 482 2013; x_wconf 84' lang='lat' dir='ltr'><strong>posterum</strong></span> <span class='ocrx_word' id='word_1_278' title='bbox 501 1969 614 2013; x_wconf 81' lang='lat' dir='ltr'><strong>plura,</strong></span> <span class='ocrx_word' id='word_1_279' title='bbox 645 1976 681 2004; x_wconf 87' lang='lat' dir='ltr'><strong>et</strong></span> <span class='ocrx_word' id='word_1_280' title='bbox 697 1971 941 2004; x_wconf 81' lang='lat' dir='ltr'><strong>vehementius</strong></span> <span class='ocrx_word' id='word_1_281' title='bbox 958 1971 1153 2005; x_wconf 82' lang='lat' dir='ltr'>doliturum</span> <span class='ocrx_word' id='word_1_282' title='bbox 1172 1972 1258 2012; x_wconf 88' lang='lat' dir='ltr'><strong>scio,</strong></span> <span class='ocrx_word' id='word_1_283' title='bbox 1283 1969 1345 2003; x_wconf 87' lang='lat' dir='ltr'><strong>sed</strong></span> <span class='ocrx_word' id='word_1_284' title='bbox 1358 1971 1526 2015; x_wconf 86' lang='lat' dir='ltr'><strong>quoniam</strong></span> <span class='ocrx_word' id='word_1_285' title='bbox 1544 1981 1600 2003; x_wconf 72' lang='lat' dir='ltr'><strong>res</strong></span> <span class='ocrx_word' id='word_1_286' title='bbox 1614 1970 1722 2004; x_wconf 81' lang='lat' dir='ltr'><strong>aliter</strong></span> 
     </span>
     <span class='ocr_line' id='line_1_32' title="bbox 302 2015 1721 2061; baseline 0.001 -15"><span class='ocrx_word' id='word_1_287' title='bbox 302 2015 380 2046; x_wconf 86' lang='lat' dir='ltr'><strong>fieri</strong></span> <span class='ocrx_word' id='word_1_288' title='bbox 416 2026 487 2048; x_wconf 90' lang='lat' dir='ltr'><strong>non</strong></span> <span class='ocrx_word' id='word_1_289' title='bbox 524 2015 661 2058; x_wconf 87' lang='lat' dir='ltr'><strong>potuit,</strong></span> <span class='ocrx_word' id='word_1_290' title='bbox 699 2016 885 2049; x_wconf 80' lang='lat' dir='ltr'><strong>ferendum</strong></span> <span class='ocrx_word' id='word_1_291' title='bbox 921 2022 1015 2050; x_wconf 86' lang='lat' dir='ltr'><strong>erat:</strong></span> <span class='ocrx_word' id='word_1_292' title='bbox 1059 2028 1141 2061; x_wconf 83' lang='lat' dir='ltr'><strong>ergo</strong></span> <span class='ocrx_word' id='word_1_293' title='bbox 1171 2018 1224 2058; x_wconf 89' lang='lat' dir='ltr'><strong>si,</strong></span> <span class='ocrx_word' id='word_1_294' title='bbox 1258 2022 1299 2051; x_wconf 90' lang='lat' dir='ltr'><strong>ut</strong></span> <span class='ocrx_word' id='word_1_295' title='bbox 1322 2015 1506 2057; x_wconf 82' lang='lat' dir='ltr'><strong>dicebam,</strong></span> <span class='ocrx_word' id='word_1_296' title='bbox 1538 2021 1721 2061; x_wconf 81' lang='lat' dir='ltr'><strong>antegres-</strong></span> 
     </span>
     <span class='ocr_line' id='line_1_33' title="bbox 303 2060 1720 2107; baseline 0.003 -16"><span class='ocrx_word' id='word_1_297' title='bbox 303 2061 350 2092; x_wconf 88' lang='lat' dir='ltr'><strong>sis</strong></span> <span class='ocrx_word' id='word_1_298' title='bbox 376 2060 652 2104; x_wconf 81' lang='lat' dir='ltr'><strong>cogitationibus</strong></span> <span class='ocrx_word' id='word_1_299' title='bbox 674 2063 900 2103; x_wconf 73' lang='lat' dir='ltr'><strong>insistentes,</strong></span> <span class='ocrx_word' id='word_1_300' title='bbox 935 2063 1039 2096; x_wconf 87' lang='lat' dir='ltr'><strong>saluti</strong></span> <span class='ocrx_word' id='word_1_301' title='bbox 1065 2067 1204 2095; x_wconf 82' lang='lat' dir='ltr'><strong>nostrae</strong></span> <span class='ocrx_word' id='word_1_302' title='bbox 1228 2062 1454 2107; x_wconf 87' lang='lat' dir='ltr'><strong>prospicere,</strong></span> <span class='ocrx_word' id='word_1_303' title='bbox 1494 2067 1530 2095; x_wconf 87' lang='lat' dir='ltr'><strong>et</strong></span> <span class='ocrx_word' id='word_1_304' title='bbox 1552 2062 1720 2095; x_wconf 84' lang='lat' dir='ltr'><strong>adversus</strong></span> 
     </span>
     <span class='ocr_line' id='line_1_34' title="bbox 303 2105 1720 2153; baseline 0.003 -16"><span class='ocrx_word' id='word_1_305' title='bbox 303 2115 406 2138; x_wconf 86' lang='lat' dir='ltr'><strong>avum</strong></span> <span class='ocrx_word' id='word_1_306' title='bbox 428 2105 521 2138; x_wconf 88' lang='lat' dir='ltr'><strong>nihil</strong></span> <span class='ocrx_word' id='word_1_307' title='bbox 543 2107 796 2140; x_wconf 86' lang='lat' dir='ltr'><strong>inconveniens</strong></span> <span class='ocrx_word' id='word_1_308' title='bbox 811 2108 975 2142; x_wconf 88' lang='lat' dir='ltr'><strong>meditari</strong></span> <span class='ocrx_word' id='word_1_309' title='bbox 988 2108 1229 2148; x_wconf 84' lang='lat' dir='ltr'><strong>institueritis,</strong></span> <span class='ocrx_word' id='word_1_310' title='bbox 1253 2108 1358 2141; x_wconf 84' lang='lat' dir='ltr'><strong>rebus</strong></span> <span class='ocrx_word' id='word_1_311' title='bbox 1380 2107 1529 2153; x_wconf 83' lang='lat' dir='ltr'><strong>agundis</strong></span> <span class='ocrx_word' id='word_1_312' title='bbox 1552 2108 1720 2141; x_wconf 87' lang='lat' dir='ltr'><strong>comitem</strong></span> 
     </span>
     <span class='ocr_line' id='line_1_35' title="bbox 301 2152 1720 2199; baseline 0.003 -16"><span class='ocrx_word' id='word_1_313' title='bbox 301 2161 358 2183; x_wconf 88' lang='lat' dir='ltr'><strong>me</strong></span> <span class='ocrx_word' id='word_1_314' title='bbox 381 2152 590 2195; x_wconf 85' lang='lat' dir='ltr'><strong>profitebor:</strong></span> <span class='ocrx_word' id='word_1_315' title='bbox 624 2154 680 2185; x_wconf 90' lang='lat' dir='ltr'><strong>sin</strong></span> <span class='ocrx_word' id='word_1_316' title='bbox 701 2154 772 2185; x_wconf 80' lang='lat' dir='ltr'><strong>alia</strong></span> <span class='ocrx_word' id='word_1_317' title='bbox 788 2154 889 2187; x_wconf 88' lang='lat' dir='ltr'><strong>vobis</strong></span> <span class='ocrx_word' id='word_1_318' title='bbox 908 2165 1028 2194; x_wconf 88' lang='lat' dir='ltr'><strong>mens,</strong></span> <span class='ocrx_word' id='word_1_319' title='bbox 1061 2153 1130 2187; x_wconf 86' lang='lat' dir='ltr'><strong>hoc</strong></span> <span class='ocrx_word' id='word_1_320' title='bbox 1148 2165 1259 2187; x_wconf 90' lang='lat' dir='ltr'><strong>unum</strong></span> <span class='ocrx_word' id='word_1_321' title='bbox 1279 2154 1518 2199; x_wconf 85' lang='lat' dir='ltr'><strong>relinquitur,</strong></span> <span class='ocrx_word' id='word_1_322' title='bbox 1548 2159 1589 2187; x_wconf 89' lang='lat' dir='ltr'><strong>ut</strong></span> <span class='ocrx_word' id='word_1_323' title='bbox 1605 2155 1720 2187; x_wconf 80' lang='lat' dir='ltr'><strong>multa</strong></span> 
     </span>
     <span class='ocr_line' id='line_1_36' title="bbox 301 2196 1718 2244; baseline 0.004 -16"><span class='ocrx_word' id='word_1_324' title='bbox 301 2196 397 2229; x_wconf 83' lang='lat' dir='ltr'><strong>hona</strong></span> <span class='ocrx_word' id='word_1_325' title='bbox 421 2197 466 2229; x_wconf 94' lang='lat' dir='ltr'><strong>ob</strong></span> <span class='ocrx_word' id='word_1_326' title='bbox 494 2203 645 2230; x_wconf 83' lang='lat' dir='ltr'><strong>vestram</strong></span> <span class='ocrx_word' id='word_1_327' title='bbox 674 2199 714 2232; x_wconf 92' lang='lat' dir='ltr'><strong>in</strong></span> <span class='ocrx_word' id='word_1_328' title='bbox 747 2210 803 2232; x_wconf 90' lang='lat' dir='ltr'><strong>me</strong></span> <span class='ocrx_word' id='word_1_329' title='bbox 834 2200 1122 2233; x_wconf 82' lang='lat' dir='ltr'><strong>benevolentiam</strong></span> <span class='ocrx_word' id='word_1_330' title='bbox 1152 2200 1253 2234; x_wconf 77' lang='lat' dir='ltr'><strong>vobis</strong></span> <span class='ocrx_word' id='word_1_331' title='bbox 1276 2212 1296 2242; x_wconf 73' lang='lat' dir='ltr'>a</span> <span class='ocrx_word' id='word_1_332' title='bbox 1320 2201 1396 2233; x_wconf 88' lang='lat' dir='ltr'><strong>Deo</strong></span> <span class='ocrx_word' id='word_1_333' title='bbox 1420 2205 1605 2244; x_wconf 77' lang='lat' dir='ltr'><strong>precatus,</strong></span> <span class='ocrx_word' id='word_1_334' title='bbox 1638 2201 1718 2244; x_wconf 77' lang='lat' dir='ltr'><strong>ipse</strong></span> 
     </span>
     <span class='ocr_line' id='line_1_37' title="bbox 300 2242 1717 2289; baseline 0.004 -15"><span class='ocrx_word' id='word_1_335' title='bbox 300 2242 389 2275; x_wconf 89' lang='lat' dir='ltr'><strong>mihi</strong></span> <span class='ocrx_word' id='word_1_336' title='bbox 410 2242 454 2275; x_wconf 87' lang='lat' dir='ltr'><strong>ad</strong></span> <span class='ocrx_word' id='word_1_337' title='bbox 473 2244 664 2276; x_wconf 79' lang='lat' dir='ltr'><strong>utilitatem</strong></span> <span class='ocrx_word' id='word_1_338' title='bbox 682 2255 796 2277; x_wconf 86' lang='lat' dir='ltr'><strong>meam</strong></span> <span class='ocrx_word' id='word_1_339' title='bbox 809 2257 950 2289; x_wconf 84' lang='lat' dir='ltr'><strong>promus</strong></span> <span class='ocrx_word' id='word_1_340' title='bbox 970 2245 1103 2279; x_wconf 87' lang='lat' dir='ltr'><strong>condus</strong></span> <span class='ocrx_word' id='word_1_341' title='bbox 1121 2246 1211 2278; x_wconf 83' lang='lat' dir='ltr'><strong>fiam.</strong></span> <span class='ocrx_word' id='word_1_342' title='bbox 1260 2247 1324 2279; x_wconf 86' lang='lat' dir='ltr'><strong>His</strong></span> <span class='ocrx_word' id='word_1_343' title='bbox 1344 2245 1474 2279; x_wconf 83' lang='lat' dir='ltr'><strong>auditis</strong></span> <span class='ocrx_word' id='word_1_344' title='bbox 1496 2247 1551 2280; x_wconf 92' lang='lat' dir='ltr'><strong>illi</strong></span> <span class='ocrx_word' id='word_1_345' title='bbox 1573 2246 1635 2279; x_wconf 88' lang='lat' dir='ltr'><strong>diu</strong></span> <span class='ocrx_word' id='word_1_346' title='bbox 1656 2247 1717 2279; x_wconf 90' lang='lat' dir='ltr'><strong>in-</strong></span> 
     </span>
     <span class='ocr_line' id='line_1_38' title="bbox 300 2288 1718 2336; baseline 0.004 -16"><span class='ocrx_word' id='word_1_347' title='bbox 300 2293 355 2321; x_wconf 90' lang='lat' dir='ltr'><strong>ter</strong></span> <span class='ocrx_word' id='word_1_348' title='bbox 379 2299 415 2321; x_wconf 85' lang='lat' dir='ltr'><strong>se</strong></span> <span class='ocrx_word' id='word_1_349' title='bbox 440 2288 642 2332; x_wconf 82' lang='lat' dir='ltr'><strong>adspicere,</strong></span> <span class='ocrx_word' id='word_1_350' title='bbox 669 2296 704 2323; x_wconf 88' lang='lat' dir='ltr'><strong>et</strong></span> <span class='ocrx_word' id='word_1_351' title='bbox 729 2290 895 2325; x_wconf 81' lang='lat' dir='ltr'><strong>admirari</strong></span> <span class='ocrx_word' id='word_1_352' title='bbox 920 2292 1102 2336; x_wconf 85' lang='lat' dir='ltr'><strong>ingenium</strong></span> <span class='ocrx_word' id='word_1_353' title='bbox 1126 2292 1287 2332; x_wconf 87' lang='lat' dir='ltr'><strong>iuvenis,</strong></span> <span class='ocrx_word' id='word_1_354' title='bbox 1313 2291 1402 2325; x_wconf 82' lang='lat' dir='ltr'><strong>adeo</strong></span> <span class='ocrx_word' id='word_1_355' title='bbox 1426 2292 1471 2325; x_wconf 86' lang='lat' dir='ltr'><strong>ad</strong></span> <span class='ocrx_word' id='word_1_356' title='bbox 1492 2292 1718 2326; x_wconf 82' lang='lat' dir='ltr'><strong>honestatem</strong></span> 
     </span>
     <span class='ocr_line' id='line_1_39' title="bbox 301 2335 1716 2382; baseline 0.004 -16"><span class='ocrx_word' id='word_1_357' title='bbox 301 2335 508 2378; x_wconf 86' lang='lat' dir='ltr'><strong>grassantis,</strong></span> <span class='ocrx_word' id='word_1_358' title='bbox 547 2339 587 2368; x_wconf 89' lang='lat' dir='ltr'><strong>ut</strong></span> <span class='ocrx_word' id='word_1_359' title='bbox 610 2335 654 2368; x_wconf 89' lang='lat' dir='ltr'><strong>de</strong></span> <span class='ocrx_word' id='word_1_360' title='bbox 678 2335 816 2380; x_wconf 84' lang='lat' dir='ltr'><strong>pudore</strong></span> <span class='ocrx_word' id='word_1_361' title='bbox 851 2342 887 2370; x_wconf 85' lang='lat' dir='ltr'><strong>et</strong></span> <span class='ocrx_word' id='word_1_362' title='bbox 910 2339 1107 2371; x_wconf 82' lang='lat' dir='ltr'><strong>reverentia</strong></span> <span class='ocrx_word' id='word_1_363' title='bbox 1133 2349 1213 2382; x_wconf 83' lang='lat' dir='ltr'><strong>erga</strong></span> <span class='ocrx_word' id='word_1_364' title='bbox 1238 2343 1339 2370; x_wconf 78' lang='lat' dir='ltr'><strong>avum</strong></span> <span class='ocrx_word' id='word_1_365' title='bbox 1363 2336 1458 2371; x_wconf 89' lang='lat' dir='ltr'><strong>nihil</strong></span> <span class='ocrx_word' id='word_1_366' title='bbox 1481 2337 1716 2372; x_wconf 85' lang='lat' dir='ltr'><strong>diminueret:</strong></span> 
     </span>
     <span class='ocr_line' id='line_1_40' title="bbox 301 2380 1715 2429; baseline 0.005 -18"><span class='ocrx_word' id='word_1_367' title='bbox 301 2381 459 2424; x_wconf 84' lang='lat' dir='ltr'><strong>quamvis</strong></span> <span class='ocrx_word' id='word_1_368' title='bbox 486 2380 547 2413; x_wconf 88' lang='lat' dir='ltr'><strong>ille</strong></span> <span class='ocrx_word' id='word_1_369' title='bbox 566 2381 681 2414; x_wconf 83' lang='lat' dir='ltr'><strong>tristia</strong></span> <span class='ocrx_word' id='word_1_370' title='bbox 700 2381 811 2415; x_wconf 81' lang='lat' dir='ltr'><strong>multa</strong></span> <span class='ocrx_word' id='word_1_371' title='bbox 833 2384 1065 2416; x_wconf 88' lang='lat' dir='ltr'><strong>remetiretur.</strong></span> <span class='ocrx_word' id='word_1_372' title='bbox 1115 2384 1210 2416; x_wconf 88' lang='lat' dir='ltr'><strong>Dein</strong></span> <span class='ocrx_word' id='word_1_373' title='bbox 1233 2389 1468 2428; x_wconf 85' lang='lat' dir='ltr'><strong>protostrator</strong></span> <span class='ocrx_word' id='word_1_374' title='bbox 1491 2385 1541 2418; x_wconf 87' lang='lat' dir='ltr'><strong>sic</strong></span> <span class='ocrx_word' id='word_1_375' title='bbox 1563 2384 1715 2429; x_wconf 83' lang='lat' dir='ltr'><strong>incipit:</strong></span> 
     </span>
     <span class='ocr_line' id='line_1_41' title="bbox 299 2424 1716 2474; baseline 0.005 -17"><span class='ocrx_word' id='word_1_376' title='bbox 299 2424 394 2466; x_wconf 80' lang='lat' dir='ltr'><strong>Nos,</strong></span> <span class='ocrx_word' id='word_1_377' title='bbox 430 2427 636 2470; x_wconf 83' lang='lat' dir='ltr'><strong>imperator,</strong></span> <span class='ocrx_word' id='word_1_378' title='bbox 670 2427 714 2460; x_wconf 88' lang='lat' dir='ltr'><strong>de</strong></span> <span class='ocrx_word' id='word_1_379' title='bbox 749 2429 819 2461; x_wconf 87' lang='lat' dir='ltr'><strong>tuis</strong></span> <span class='ocrx_word' id='word_1_380' title='bbox 848 2435 954 2474; x_wconf 84' lang='lat' dir='ltr'><strong>atque</strong></span> <span class='ocrx_word' id='word_1_381' title='bbox 985 2431 1115 2462; x_wconf 86' lang='lat' dir='ltr'><strong>nostris</strong></span> <span class='ocrx_word' id='word_1_382' title='bbox 1144 2429 1336 2463; x_wconf 85' lang='lat' dir='ltr'><strong>commodis</strong></span> <span class='ocrx_word' id='word_1_383' title='bbox 1358 2431 1524 2470; x_wconf 85' lang='lat' dir='ltr'><strong>solliciti,</strong></span> <span class='ocrx_word' id='word_1_384' title='bbox 1560 2441 1651 2474; x_wconf 83' lang='lat' dir='ltr'><strong>quae</strong></span> <span class='ocrx_word' id='word_1_385' title='bbox 1672 2441 1716 2464; x_wconf 82' lang='lat' dir='ltr'><strong>eo</strong></span> 
     </span>
     <span class='ocr_line' id='line_1_42' title="bbox 300 2470 1717 2520; baseline 0.004 -17"><span class='ocrx_word' id='word_1_386' title='bbox 300 2470 414 2504; x_wconf 82' lang='lat' dir='ltr'><strong>facere</strong></span> <span class='ocrx_word' id='word_1_387' title='bbox 430 2473 661 2515; x_wconf 83' lang='lat' dir='ltr'><strong>putabamus,</strong></span> <span class='ocrx_word' id='word_1_388' title='bbox 687 2472 946 2508; x_wconf 84' lang='lat' dir='ltr'><strong>edisseruimus.</strong></span> <span class='ocrx_word' id='word_1_389' title='bbox 998 2475 1105 2520; x_wconf 86' lang='lat' dir='ltr'><strong>Quod</strong></span> <span class='ocrx_word' id='word_1_390' title='bbox 1119 2481 1236 2510; x_wconf 84' lang='lat' dir='ltr'><strong>autem</strong></span> <span class='ocrx_word' id='word_1_391' title='bbox 1256 2476 1301 2508; x_wconf 92' lang='lat' dir='ltr'><strong>de</strong></span> <span class='ocrx_word' id='word_1_392' title='bbox 1317 2487 1381 2510; x_wconf 87' lang='lat' dir='ltr'><strong>avo</strong></span> <span class='ocrx_word' id='word_1_393' title='bbox 1399 2476 1651 2516; x_wconf 69' lang='lat' dir='ltr'><strong>consuluimus,</strong></span> <span class='ocrx_word' id='word_1_394' title='bbox 1676 2476 1717 2510; x_wconf 84' lang='lat' dir='ltr'><strong>in</strong></span> 
     </span>
     <span class='ocr_line' id='line_1_43' title="bbox 301 2518 1713 2563; baseline 0.004 -14"><span class='ocrx_word' id='word_1_395' title='bbox 301 2527 343 2550; x_wconf 88' lang='lat' dir='ltr'><strong>eo</strong></span> <span class='ocrx_word' id='word_1_396' title='bbox 363 2529 434 2551; x_wconf 86' lang='lat' dir='ltr'><strong>non</strong></span> <span class='ocrx_word' id='word_1_397' title='bbox 455 2518 524 2551; x_wconf 91' lang='lat' dir='ltr'><strong>hoc</strong></span> <span class='ocrx_word' id='word_1_398' title='bbox 547 2529 655 2551; x_wconf 88' lang='lat' dir='ltr'><strong>unum</strong></span> <span class='ocrx_word' id='word_1_399' title='bbox 682 2520 935 2563; x_wconf 80' lang='lat' dir='ltr'><strong>spectavimus,</strong></span> <span class='ocrx_word' id='word_1_400' title='bbox 968 2526 1010 2554; x_wconf 88' lang='lat' dir='ltr'><strong>ut</strong></span> <span class='ocrx_word' id='word_1_401' title='bbox 1027 2522 1120 2554; x_wconf 87' lang='lat' dir='ltr'><strong>malo</strong></span> <span class='ocrx_word' id='word_1_402' title='bbox 1138 2522 1366 2556; x_wconf 83' lang='lat' dir='ltr'><strong>multaretur:</strong></span> <span class='ocrx_word' id='word_1_403' title='bbox 1397 2533 1520 2556; x_wconf 82' lang='lat' dir='ltr'><strong>verum</strong></span> <span class='ocrx_word' id='word_1_404' title='bbox 1536 2527 1577 2555; x_wconf 89' lang='lat' dir='ltr'><strong>ut</strong></span> <span class='ocrx_word' id='word_1_405' title='bbox 1598 2533 1645 2555; x_wconf 87' lang='lat' dir='ltr'><strong>ne</strong></span> <span class='ocrx_word' id='word_1_406' title='bbox 1665 2521 1713 2555; x_wconf 83' lang='lat' dir='ltr'><strong>ad</strong></span> 
     </span>
     <span class='ocr_line' id='line_1_44' title="bbox 299 2562 1714 2613; baseline 0.004 -18"><span class='ocrx_word' id='word_1_407' title='bbox 299 2562 433 2596; x_wconf 88' lang='lat' dir='ltr'><strong>bellum</strong></span> <span class='ocrx_word' id='word_1_408' title='bbox 454 2569 612 2608; x_wconf 87' lang='lat' dir='ltr'><strong>apertum</strong></span> <span class='ocrx_word' id='word_1_409' title='bbox 627 2566 818 2606; x_wconf 85' lang='lat' dir='ltr'><strong>veniretur,</strong></span> <span class='ocrx_word' id='word_1_410' title='bbox 842 2571 977 2612; x_wconf 84' lang='lat' dir='ltr'><strong>tuoque</strong></span> <span class='ocrx_word' id='word_1_411' title='bbox 1002 2568 1112 2611; x_wconf 85' lang='lat' dir='ltr'><strong>capiti</strong></span> <span class='ocrx_word' id='word_1_412' title='bbox 1131 2578 1229 2600; x_wconf 84' lang='lat' dir='ltr'><strong>casus</strong></span> <span class='ocrx_word' id='word_1_413' title='bbox 1258 2568 1387 2613; x_wconf 81' lang='lat' dir='ltr'><strong>aliquis</strong></span> <span class='ocrx_word' id='word_1_414' title='bbox 1412 2568 1548 2613; x_wconf 81' lang='lat' dir='ltr'><strong>gravior</strong></span> <span class='ocrx_word' id='word_1_415' title='bbox 1570 2568 1714 2612; x_wconf 82' lang='lat' dir='ltr'><strong>impen-</strong></span> 
     </span>
     <span class='ocr_line' id='line_1_45' title="bbox 300 2609 1712 2656; baseline 0.004 -15"><span class='ocrx_word' id='word_1_416' title='bbox 300 2609 420 2642; x_wconf 87' lang='lat' dir='ltr'><strong>deret:</strong></span> <span class='ocrx_word' id='word_1_417' title='bbox 447 2609 485 2643; x_wconf 82' lang='lat' dir='ltr'><strong>id</strong></span> <span class='ocrx_word' id='word_1_418' title='bbox 502 2610 596 2642; x_wconf 92' lang='lat' dir='ltr'><strong>enim</strong></span> <span class='ocrx_word' id='word_1_419' title='bbox 615 2616 680 2651; x_wconf 89' lang='lat' dir='ltr'><strong>est,</strong></span> <span class='ocrx_word' id='word_1_420' title='bbox 707 2612 977 2656; x_wconf 84' lang='lat' dir='ltr'><strong>quodomnium</strong></span> <span class='ocrx_word' id='word_1_421' title='bbox 995 2615 1140 2647; x_wconf 86' lang='lat' dir='ltr'><strong>minime</strong></span> <span class='ocrx_word' id='word_1_422' title='bbox 1162 2614 1321 2647; x_wconf 85' lang='lat' dir='ltr'><strong>velimus.</strong></span> <span class='ocrx_word' id='word_1_423' title='bbox 1369 2615 1413 2646; x_wconf 87' lang='lat' dir='ltr'><strong>Et</strong></span> <span class='ocrx_word' id='word_1_424' title='bbox 1436 2624 1516 2647; x_wconf 89' lang='lat' dir='ltr'><strong>cum</strong></span> <span class='ocrx_word' id='word_1_425' title='bbox 1537 2614 1712 2646; x_wconf 80' lang='lat' dir='ltr'><strong>securita-</strong></span> 
     </span>
     <span class='ocr_line' id='line_1_46' title="bbox 299 2654 1711 2706; baseline 0.004 -18"><span class='ocrx_word' id='word_1_426' title='bbox 299 2659 370 2688; x_wconf 89' lang='lat' dir='ltr'><strong>tem</strong></span> <span class='ocrx_word' id='word_1_427' title='bbox 395 2654 638 2702; x_wconf 84' lang='lat' dir='ltr'><strong>honoremque</strong></span> <span class='ocrx_word' id='word_1_428' title='bbox 661 2657 717 2691; x_wconf 82' lang='lat' dir='ltr'><strong>avi</strong></span> <span class='ocrx_word' id='word_1_429' title='bbox 740 2662 821 2693; x_wconf 80' lang='lat' dir='ltr'><strong>tuae</strong></span> <span class='ocrx_word' id='word_1_430' title='bbox 847 2659 954 2693; x_wconf 84' lang='lat' dir='ltr'><strong>saluti</strong></span> <span class='ocrx_word' id='word_1_431' title='bbox 977 2659 1285 2706; x_wconf 78' lang='lat' dir='ltr'><strong>incolumitatique</strong></span> <span class='ocrx_word' id='word_1_432' title='bbox 1313 2660 1507 2706; x_wconf 76' lang='lat' dir='ltr'><strong>praeferas,</strong></span> <span class='ocrx_word' id='word_1_433' title='bbox 1534 2659 1633 2706; x_wconf 81' lang='lat' dir='ltr'><strong>quod</strong></span> <span class='ocrx_word' id='word_1_434' title='bbox 1651 2660 1711 2693; x_wconf 84' lang='lat' dir='ltr'><strong>in·-</strong></span> 
     </span>
    </p>
   </div>
  </div>
 </body>
</html>
