1728 3158
226 114 297 152 XII
757 145 759 147 .
792 109 825 147 1.
839 143 850 149 „
865 107 1098 149 PONTANI

225 223 316 262 cula
333 252 345 273 ‚
385 228 547 275 propter
574 218 802 259 facilitatem
829 219 1029 272 quandam
1058 220 1141 258 eius
1166 220 1207 258 in
1235 219 1444 260 scribendo
1467 229 1662 276 opportu-

225 290 316 329 nius
345 288 517 326 nancisci
551 286 781 339 potuissem.
1381 335 1388 342 .
1451 326 1454 331 Δ

231 346 235 351 ’
333 353 398 392 510
426 353 589 391 omnino
618 358 702 401 est,
743 351 789 390 ut
809 349 916 400 dixi,
958 351 1000 389 in
1026 350 1215 389 Ioannem
1245 351 1566 404 Cantacuzenum
1599 353 1663 392 in·
1711 361 1716 386 f

225 418 331 459 cidi:
369 419 438 471 qui
463 416 626 470 quidem
653 431 733 470 quo
760 415 1007 456 commodius
1035 415 1154 455 huius
1186 415 1279 455 libri
1307 418 1370 455 sui
1396 407 1660 471 occasionem,

227 497 463 536 caussasque
495 482 654 522 afferret
668 510 680 534 ,
734 489 774 522 et
801 495 1012 535 personam
1048 495 1161 520 suam
1193 481 1340 522 celaret
1375 482 1497 536 (quod
1529 480 1663 523 tamen
1712 487 1728 540 ff

227 549 337 588 haud
363 550 457 588 satis
487 555 602 587 caute
630 548 722 586 fecit
735 577 747 599 ,
782 555 827 586 ut
856 561 947 586 mox
972 546 1136 599 docebo)
1164 546 1277 600 fingit
1306 561 1331 587 a
1362 547 1538 602 quodam
1566 545 1662 589 Nilo

226 614 414 655 familiari
437 628 480 654 se
507 613 558 653 ad
590 615 845 668 scriptionem
874 627 946 666 per
975 612 1126 652 litteras
1149 612 1379 653 sollicitari:
1418 628 1465 654 ac
1487 614 1564 654 sibi
1588 618 1663 655 v‘o-
1723 619 1728 661 j

227 680 417 720 cabulum
451 679 696 720 Christoduli
729 680 915 733 imponit.
985 678 1179 719 Idoneum
1211 678 1389 732 profecto
1402 708 1431 736 ,Ἰ
1466 693 1611 734 nempe
1639 694 1664 719 a
1722 664 1728 698 ‘⁷³

228 753 335 786 statu
384 753 424 786 et
455 746 683 786 conditione
724 747 830 786 vitae
843 775 855 798 ‚
871 759 1014 799 3quam
1033 744 1132 784 haec
1155 744 1331 784 scribens
1355 744 1498 798 agebat
1514 759 1529 786 ε
1571 743 1664 800 ag'e-
1720 747 1728 797 ζ

227 812 298 851 bat
317 819 450 851 autem
473 813 760 855 monasticam:
801 819 841 851 et
873 811 1033 850 Christo
1063 812 1238 851 serviens
1252 840 1264 862 ‚
1301 813 1445 850 merito
1467 812 1552 852 eius
1579 814 1664 851 ser·
1722 803 1728 826 ³

225 891 325 917 vum
351 892 393 917 se
417 877 647 931 appellavit.
690 877 905 916 Occultare
923 890 1062 930 porro,
1093 884 1133 916 et
1158 883 1292 931 tegere
1314 879 1526 930 personam
1551 891 1664 916 suam

225 942 317 982 ideo
346 942 476 983 voluit
489 974 501 995 ‚
549 944 669 997 idque
706 939 923 996 prudenter
937 972 948 994 ,
997 942 1115 998 quod.
1140 942 1190 981 de
1226 942 1346 981 rebus
1377 956 1471 983 cum
1507 939 1663 994 alienis,

224 1016 314 1047 tum
336 1010 418 1048 suis
445 1009 965 1062 historiamcompositurus
996 1015 1081 1047 erat
1095 1037 1107 1059 ‚
1145 1015 1184 1047 et
1211 1015 1448 1048 narraturus
1472 1007 1663 1062 plurima,
1714 1004 1723 1042 s

226 1074 373 1127 quibus
398 1074 605 1114 audiendis
626 1088 742 1113 aures
766 1073 1007 1127 quibusdam
1032 1073 1213 1112 dolerent
1227 1103 1239 1124 ‚
1273 1080 1319 1112 ut
1339 1081 1458 1113 antea
1481 1074 1665 1114 videndis
1722 1121 1723 1126 ¹

225 1140 332 1180 oculi
357 1141 581 1182 doluerant.
636 1142 711 1181 Est
742 1156 839 1182 vero
860 1149 944 1180 tam
968 1141 1195 1194 infrequens
1216 1141 1377 1180 Graecis
1398 1141 1476 1180 hoe
1499 1147 1664 1191 nomen,
1705 1147 1725 1177 ,·

226 1207 507 1249 Christodulus
523 1238 535 1259 ,
563 1215 609 1247 ut
632 1207 698 1248 vel
725 1207 819 1247 hinc
849 1208 925 1247 isto
953 1206 1041 1246 loco
1071 1207 1254 1246 fictitium
1282 1220 1329 1246 ac
1367 1207 1666 1263 supposititium

177 1315 195 1332 '-
225 1280 431 1325 appareat.
495 1273 677 1327 Cumque
705 1288 779 1327 per
806 1273 848 1312 id
880 1281 1037 1327 tempus
1067 1275 1110 1312 in
1143 1274 1384 1312 monasterio
1412 1286 1488 1326 pro
1515 1273 1666 1312 Ioanne

227 1339 349 1376 etiam
388 1339 605 1392 Ioasaphus
633 1347 787 1379 mutato
823 1341 986 1378 nomine
1029 1339 1229 1378 diceretur
1245 1368 1257 1390 ‚
1309 1340 1411 1378 sicut
1442 1352 1526 1377 non
1559 1338 1665 1377 anti-

204 1416 354 1456 -quum
392 1411 432 1443 et
459 1407 668 1458 proprium
681 1436 693 1458 ,
744 1407 800 1445 ita
828 1420 902 1444 nec
937 1419 1090 1445 novum
1135 1407 1237 1444 istuc
1276 1411 1316 1444 et
1352 1404 1664 1458 assumptitiuin‚
1723 1438 1728 1440 .

226 1467 448 1522 Ioasaphus
482 1472 646 1523 inquam
662 1502 674 1523 ‚
725 1472 776 1511 ad
808 1471 901 1510 libri
941 1479 1143 1510 auctorem
1180 1470 1438 1510 indicandum
1471 1485 1667 1524 usurpare

227 1533 385 1574 decuit:
429 1551 481 1575 ne
512 1538 731 1577 monachus
764 1539 924 1577 inanem
959 1540 1150 1591 aucupari
1183 1537 1350 1592 gloriam
1368 1566 1380 1588 ,
1428 1543 1468 1576 et
1486 1537 1555 1590 qui
1577 1537 1665 1575 Deo

181 1656 184 1659 Ι
227 1599 444 1640 militatum
478 1611 642 1643 venerat
657 1632 669 1653 ‚
709 1605 855 1643 iterum
885 1618 927 1643 se
958 1605 1126 1656 negotiis
1161 1603 1367 1656 implicare
1384 1602 1667 1642 saecularibus

228 1666 450 1706 videretur.
521 1668 656 1722 Atque
682 1671 738 1708 ita
771 1670 894 1709 codex
930 1671 1107 1708 Graecus
1137 1667 1419 1723 ἀνεπίγραφος
1448 1676 1532 1719 est,
1582 1659 1667 1707 sine

228 1728 362 1770 titulo
379 1747 558 1785 prorsus.
624 1735 781 1773 Deinde
812 1749 858 1774 ex
894 1736 981 1787 ipsa
1018 1735 1101 1773 Nili
1143 1734 1310 1787 epistola
1345 1735 1667 1776 Cantacuzenum

228 1795 351 1836 huius
372 1798 562 1838 historiae
586 1808 791 1853 parentem
808 1830 819 1851 ,
859 1808 899 1839 et
930 1800 1180 1839 conditorem
1207 1814 1290 1839 esse
1318 1801 1574 1853 perspicuum
1599 1791 1665 1838 fit.

231 1861 308 1900 Illa
343 1865 449 1908 enim
482 1866 633 1917 verba,
684 1862 757 1904 καί
785 1859 849 1904 ὅτε
878 1862 956 1919 γὰρ
1001 1861 1054 1904 τὰ
1087 1861 1201 1904 κοινοὶ
1230 1863 1425 1911 διετέλεις
1450 1861 1666 1918 πράττων,

229 1928 415 1981 σωτηρία
439 1931 526 1975 τοῖς
550 1927 786 1981 πράγμασιν
805 1924 937 1983 ἦσθα·
964 1927 1037 1969 καὶ
1057 1930 1131 1970 νῦν
1152 1930 1310 1969 σαυτοῦ
1335 1925 1532 1981 γεγονώς,
1562 1926 1666 1981 ἅλη-

230 1991 351 2039 θείας
402 1994 475 2034 καί
517 1992 782 2048 δικαιοσύνης
811 1993 1077 2048 παράδειγμα
1099 1992 1171 2034 τὸν
1196 1992 1287 2046 βίον
1309 1993 1563 2049 κατέστησας
1592 1990 1667 2035 τὸν

229 2057 401 2097 σαυτοῦ.
468 2059 532 2099 Τιι
564 2061 673 2115 enim
701 2070 741 2100 et
768 2060 967 2115 quamdiu
994 2061 1156 2113 gessisti
1185 2060 1506 2115 rempublicam,
1553 2061 1677 2106 salus⁴

228 2125 399 2179 imperii
416 2123 568 2178 suisti.-
613 2135 651 2166 et
687 2126 841 2174 hodie,
879 2135 1099 2181 postquam
1131 2125 1353 2180 defunctus
1378 2116 1566 2182 honore2
1595 2124 1667 2167 'tui

227 2189 364 2243 ipsius
403 2205 488 2230 esse
528 2193 771 2243 instituisti,
818 2194 951 2232 vitam
987 2199 1325 2247 moresque'tuos
1359 2186 1572 2244 veritatis,
1595 2193 1666 2232 'hc

229 2255 414 2295 iustitiae
448 2259 665 2313 exemplar
691 2258 887 2312 effecisti.
954 2259 1030 2298 hae
1048 2289 1059 2310 ‚
1108 2261 1270 2312 inquam
1286 2288 1299 2310 ,
1339 2273 1457 2299 voces
1491 2259 1665 2315 non'lad

231 2319 409 2361 Iudicem
424 2350 436 2373 ,
484 2323 718 2375 Consulem,
765 2325 1017 2364 Praefectum
1043 2324 1215 2377 aliquem
1230 2354 1242 2375 ,
1290 2324 1360 2363 sed
1392 2324 1444 2363 ad
1475 2338 1666 2378 magnum

230 2385 491 2427 domesticum
524 2390 715 2429 Ioannem
735 2391 1053 2434 Cantacuzenum
1069 2420 1080 2442 ‚
1129 2391 1242 2429 cuius
1274 2397 1366 2443 post
1386 2389 1666 2430 Andronicum

230 2453 463 2505 minorem„
488 2456 680 2508 quamdiu
709 2458 742 2495 is
764 2458 861 2496 vixit
875 2486 887 2508 ‚
917 2471 1103 2509 suprema
1129 2456 1204 2495 fuit
1227 2463 1401 2509 potestas
1415 2485 1426 2507 ‚
1468 2463 1507 2495 et
1537 2457 1664 2509 inipe-

230 2521 402 2559 ratoriae
429 2522 608 2573 proxima
634 2523 676 2560 in
705 2523 889 2562 omnibus
904 2552 916 2574 ‚
953 2530 992 2562 et
1015 2522 1122 2576 apud
1147 2536 1284 2561 omnes
1311 2523 1549 2563 auotoritas:
1571 2522 1665 2561 ‘imo

230 2598 327 2627 vero
357 2585 406 2624 ad
434 2587 563 2640 ipsum
588 2602 732 2628 munus
764 2589 1063 2641 imperatorium
1078 2619 1090 2640 ,
1130 2588 1238 2641 quod
1260 2587 1366 2627 idem
1391 2588 1492 2626 citra
1521 2587 1666 2627 nomen

231 2648 301 2689 diu
315 2679 326 2701 ,
368 2653 622 2708 postmodum
655 2662 694 2693 ct
724 2669 766 2694 re
794 2662 838 2697 et
861 2656 1021 2698 nomine
1061 2654 1196 2698 multis
1221 2655 1335 2698 annis
1356 2653 1663 2705 administravit,
