1832 3132
335 100 446 158 386
873 112 1245 157 CANTAequM
1279 162 1289 170 ‚

142 226 180 260 A.
194 225 326 270 C.1329
336 211 634 275 παραπληξίας,
662 214 828 257 καὶδύο
856 213 909 256 τὰ
932 216 1106 269 μέγιστα
1128 210 1319 259 ἐντεῦθεν
1335 215 1626 272 κερδανοῦμεν,
1651 214 1764 273 ἧμᾶς

334 301 379 327 τε
407 280 561 330 αὖτούς
589 280 914 329 οἷπαλλάττοντες
952 276 1121 330 ἀδοξίας
1161 280 1213 321 οὔ
1245 279 1534 337 προσηκούσης
1571 279 1646 324 καὶ
1666 280 1764 332 τούς

333 344 481 396 ἄλλους
520 346 594 400 τῆς
630 346 689 387 ἐκ
715 347 790 387 τοῦ
825 345 1010 399 ψεύδους
1036 346 1352 401 ἐλευθεροῦντες
1389 349 1765 403 προσγενησομένης

330 411 526 466 βλάβης.”
587 411 770 452 Τοιαῦτα
802 412 881 464 μὲν
917 410 939 452 ὃ
967 410 1097 465 με’γας
1136 412 1375 464 δομέστικος
1411 409 1512 454 εἶπε·
1572 410 1766 466 βασιλεὺς

329 479 375 518 δὲ
403 474 593 518 ἐπείθετό
619 493 662 518 τε
702 473 832 525 εὐθὺς
859 482 943 527 τοῖς
972 477 1202 532 εἰρημένοις
1230 474 1287 526 ὦς
1313 478 1448 526 καλῶς
1475 476 1649 532 ἔχουσι,
1693 478 1790 522 καὶὸ

290 542 437 599 Coniugi
466 542 661 597 ἐπέτρεπε
687 540 762 596 τὴν
788 544 953 598 πρᾶξιν,
982 540 1194 597 προσθείς,
1224 538 1280 590 ὦς
1302 541 1342 582 εἷ
1363 539 1423 596 μὴ
1445 541 1633 595 βούλοιτο
1659 540 1767 584 κατὰ

325 606 376 649 τὰ
411 608 708 661 διατεταγμένα
737 606 937 663 πρότερον
960 602 1017 664 Ιὅίρ
1019 622 1112 660 χειν
1139 606 1161 648 ὅ
1189 608 1410 656 Μπενέτος
1427 609 1554 662 Χίον,
1577 606 1651 650 καὶ
1670 608 1767 649 δευ-

329 674 452 728 τέραν
483 674 646 727 αἵρεσιν
674 669 911 728 εὐεργεσίας
949 672 1063 728 αὐτῷ
1093 675 1331 728 προθεῖναι,
1371 669 1585 723 ἐλάττονος
1605 669 1634 729 ἢ
1660 670 1772 716 κατὰ

329 737 406 793 τὴν
434 737 642 794 προτέραν
669 734 880 790 οὖδαμῶς.
948 739 1077 794 τακτῇ
1105 739 1151 780 δὲ
1178 737 1560 795 ἧμέρᾳέκκλησίαν
1586 734 1615 798 ὅ,
1636 739 1790 792 μέγαςἶ

330 804 569 856 δομέστικος
595 801 640 844 ἔκ
666 818 711 844 τε
748 800 979 856 ‘Pantalcon
1015 802 1090 844 καί
1125 803 1209 844 τῶν
1242 801 1605 858 ἐπιχωριαζόντων
1631 801 1819 848 'Auri-10

327 884 412 915 νων
436 865 692 922 συναγαγών,
721 866 923 924 παρόντος
950 869 1023 909 καί
1046 868 1177 918 αὐτοῦ
1187 868 1411 910 Μπενέτον
1439 869 1512 910 καί
1533 867 1616 911 τῶν
1634 870 1767 922 Μαρ-

327 935 426 990 τίνῳ
446 934 501 990 τῷ
532 934 700 990 ἀδελφῷ
722 931 922 989 πρότερον
942 933 1151 975 συνόντων
1178 929 1255 974 οὐκ
1283 932 1443 987 ὀλίγων,
1472 935 1532 982 εἰς
1558 930 1701 987 λόγους
1723 948 1767 975 τε

329 999 579 1040 καθίσταντο
603 997 676 1039 καί
694 1000 868 1053 διηγεῖτο
891 992 1051 1040 ἄνωθεν
1071 993 1303 1053 ἀπ’ἆρχῆς,
1333 995 1444 1048 ὅπως
1463 1014 1510 1040 τε
1530 999 1589 1048 ἐἷς
1600 996 1767 1049 Βυζάν-

327 1078 413 1111 τιον
443 1059 634 1118 ἀφίκοιτο
660 1062 764 1118 πρὸς
791 1064 966 1116 βασιλέα
997 1060 1018 1103 ὃ
1043 1065 1265 1111 Μπενέτος
1289 1065 1528 1119 κατηγορῶν
1550 1064 1624 1106 τοῦ
1646 1063 1769 1105 ἀδελ-

329 1130 415 1182 φοῦ
448 1129 518 1183 ἐφ’
547 1124 608 1177 οἷς
638 1123 818 1183 ἧδικεῑτο
845 1131 944 1184 παρ’
966 1128 1114 1182 αὐτοῦ,
1143 1125 1223 1170 ὅσα
1251 1145 1296 1171 τε
1332 1129 1443 1186 αὐτῷ
1466 1127 1635 1184 λεχθείη
1661 1126 1819 1184 πρὸςιό

286 1193 553 1246 Ββασιλέως,
590 1193 663 1234 καί
681 1191 757 1247 την
780 1188 960 1246 εὔνοιαν,
988 1191 1040 1248 ἢν
1070 1194 1299 1244 ἐνεδείξατο
1327 1191 1431 1249 πρὸς
1458 1190 1591 1243 αὐτὸν
1617 1189 1770 1250 οἷφικό·

327 1271 454 1308 μενον
482 1255 585 1312 πρὸς
612 1260 742 1311 Ξζίον,
782 1257 854 1300 καί
879 1257 935 1307 ὥς
961 1260 1032 1313 τῆς
1058 1260 1117 1307 εἰς
1147 1257 1277 1300 αὐτὸν
1301 1255 1465 1308 εὔνοάκς
1493 1259 1611 1300 ἕνεκα
1634 1252 1662 1298 ἱὅ
1690 1260 1769 1311 βα·-

330 1321 471 1370 σιλεύς
499 1322 716 1376 ἀμείβεται
743 1321 957 1372 τοιαύταις
982 1323 1251 1379 εὐεργεσίαις.
1317 1324 1537 1373 Μπενέτος
1564 1325 1612 1365 δὲ
1639 1319 1769 1379 αὖθις

328 1386 402 1441 τήν
429 1403 474 1427 τε
494 1385 655 1442 δωρεὰν
684 1388 915 1429 ἀπεωθεῖτο
944 1387 1016 1444 τὴν
1044 1390 1262 1442 βασιλέως,
1289 1384 1464 1438 οἷναξίαν
1490 1391 1640 1444 κρίνων
1667 1385 1768 1430 ἑαυ-

333 1453 409 1493 τοῦ
417 1485 430 1505 ,
474 1453 544 1493 καί
573 1455 612 1495 εἰ
636 1452 694 1507 μὴ
731 1452 992 1495 παντάπασιν
1031 1453 1145 1511 αὐτῷ
1185 1452 1485 1509 παραχωρήσει
1512 1453 1648 1507 Χίου,
1693 1454 1820 1508 τῆςρο

322 1515 553 1569 Ῥωμαίων
580 1514 835 1572 ἀφελόμενος
865 1518 1097 1573 ἡγεμονίας,
1124 1520 1330 1574 μηδεμιᾶς
1356 1515 1501 1574 ἑτέρας
1528 1515 1768 1574 εὐεργεσίας

330 1581 502 1638 φάσκων
533 1583 696 1623 δεῖσθαι
725 1585 824 1638 παρ’
853 1580 1009 1636 αὐτοῦ,
1039 1585 1131 1635 ,1καί
1164 1585 1273 1638 μηδὲ
1316 1583 1538 1639 τριζθεσθαι
1576 1582 1662 1640 εἰκῇ
1697 1579 1770 1624 καὶ

326 1646 464 1702 μάτην
492 1644 682 1688 ἀδύνατα
711 1649 1022 1702 ἐπιχειροῦντας
1050 1647 1224 1690 πείθειν.
1280 1646 1331 1689 -οἱ
1355 1649 1435 1700 μὲν
1462 1642 1538 1690 οὖν
1564 1645 1767 1703 παρόντες

329 1710 402 1752 καί
427 1712 612 1764 μάλιστα
642 1710 679 1754 οἱ
710 1714 756 1755 ἐκ
783 1713 1011 1766 Λατίνων,
1054 1711 1210 1770 πολλὴν
1237 1711 1445 1769 ἀκρισίαν
1469 1713 1765 1768 κατεγίνωσκον

332 1861 481 1895 eamque
496 1850 707 1895 bipartitam
733 1850 929 1885 utilitatem
950 1849 1174 1893 hauriemus;
1202 1848 1300 1895 quod
1323 1861 1388 1884 nos
1408 1851 1506 1895 ipsos
1525 1844 1695 1884 nimirum
1717 1849 1762 1883 ab

330 1897 508 1930 immerita
523 1897 671 1929 infamia
700 1898 935 1930 servabimus:
963 1903 1000 1930 et
1021 1897 1100 1930 aliis
1125 1909 1145 1929 a
1166 1902 1384 1930 nocumento
1410 1897 1600 1930 mendacii.
1620 1896 1764 1931 cavebi-

330 1953 420 1976 mus.
470 1943 565 1976 Haec
593 1943 657 1975 ubi
683 1946 805 1976 effatus
834 1950 887 1977 est
929 1955 1075 1987 magnus
1107 1942 1342 1982 domesticus,
1374 1943 1567 1988 imperator
1597 1943 1762 1987 protinus

332 1989 372 2021 in
403 1989 479 2021 eius
513 1989 730 2022 sententiam
759 1990 845 2030 ivit,
887 1995 924 2022 et
955 1990 1022 2022 reiv
1043 1988 1285 2022 conficiendae
1325 1990 1512 2034 negotium
1552 1989 1610 2027 iffi
1641 1988 1761 2022 dedit:

331 2039 439 2079 atque
461 2034 530 2068 hoc
548 2035 720 2080 amplius,
753 2035 824 2067 nisi
845 2036 1058 2068 Benedictus
1095 2046 1139 2068 ex
1168 2036 1281 2079 priori
1305 2034 1448 2077 decreto
1480 2035 1612 2071 Chium
1646 2034 1762 2068 admi-

331 2080 482 2113 nistrare
510 2081 633 2120 vellet,
659 2087 700 2114 ut
718 2081 820 2113 aliam
845 2082 879 2114 ei
901 2092 944 2114 ex
964 2081 1184 2115 liberalitate
1205 2080 1462 2122 conditionem,
1485 2081 1600 2126 prima
1620 2092 1762 2127 nequa-

326 2137 442 2170 ¹quam
466 2125 700 2168 deteriorem,
736 2133 963 2171 proponeret.
1012 2128 1081 2160 Die
1109 2129 1324 2173 praestituta
1348 2138 1429 2160 cum
1456 2139 1602 2172 magnus
1635 2126 1762 2161 dome-
1792 2135 1796 2139 '

333 2172 443 2204 sticus
465 2183 508 2204 ex
534 2174 700 2205 Romanis
727 2179 764 2206 et
783 2174 921 2206 Latinis
945 2173 1091 2208 advenis
1113 2179 1328 2207 conventum
1346 2173 1543 2218 coegisset5
1574 2178 1761 2219 praesente

332 2219 443 2250 etiam
464 2219 659 2251 Benedicto
686 2225 725 2251 et-
747 2230 834 2260 non„
853 2221 998 2264 paucis,
1032 2221 1095 2265 qui
1127 2225 1232 2253 antea
1263 2231 1342 2253 cum
1365 2219 1521 2253 Martino
1548 2220 1657 2254 fratre
1683 2220 1760 2252 eius

331 2263 558 2297 familiariter
573 2265 764 2305 vivebant,
791 2266 835 2298 ad
861 2266 969 2299 verba
999 2272 1146 2299 ventum
1171 2272 1240 2300 est:
1266 2266 1447 2311 altiusque
1475 2267 1630 2310 repetito
1658 2267 1761 2310 prin-

332 2310 448 2355 cipio,
474 2309 688 2343 domesticus
707 2312 872 2352 narravit,
902 2324 973 2358 quo
992 2318 1094 2355 pacto
1117 2312 1332 2346 Benedictus
1351 2313 1559 2356 Byzantium
1585 2311 1630 2344 ad
1643 2312 1759 2356 impe-
1793 2323 1799 2328 ·

330 2360 484 2389 rator-em
514 2357 743 2400 confugiens,
771 2358 916 2390 fratrem
941 2359 1154 2392 iniuriarum
1185 2358 1419 2403 postulasset,
1455 2358 1616 2403 quidque
1644 2358 1760 2402 impe-

330 2407 426 2434 rator
448 2403 603 2446 supplici
630 2403 893 2446 respondisset,
925 2410 960 2436 et
990 2417 1061 2450 qua
1089 2405 1118 2437 is
1150 2404 1404 2438 benevolentia
1437 2409 1560 2447 postea
1594 2404 1759 2437 eumdem

329 2448 581 2492 imperatorem
618 2449 656 2482 in
693 2449 785 2481 Chio
816 2451 1020 2494 complexus
1054 2456 1167 2484 esset:
1215 2457 1323 2496 atque
1360 2449 1454 2483 hanc
1493 2461 1570 2483 esse
1607 2461 1758 2490 causam,

331 2503 439 2538 quare
461 2495 656 2536 imperator
676 2499 808 2527 tantam
845 2497 877 2528 ci
900 2497 1048 2540 gratiam
1071 2497 1231 2531 referret.
1279 2496 1515 2530 Benedictum
1541 2501 1658 2530 autem
1687 2497 1759 2529 ite-

293 2570 295 2572 .
329 2545 406 2573 rato
441 2542 543 2585 quasi
580 2552 617 2574 se
641 2540 824 2585 indignam
856 2543 1048 2585 reiecisse;
1088 2555 1127 2577 ac
1154 2543 1225 2575 nisi
1250 2542 1342 2576 Chio
1372 2553 1392 2574 a
1419 2543 1576 2576 Romano
1609 2542 1757 2587 imperio

329 2586 451 2619 avulsa
469 2585 541 2620 sibi
563 2587 707 2632 penitus
729 2587 883 2629 cederet,
908 2589 1009 2622 nullo
1030 2600 1066 2622 se
1083 2589 1153 2623 alio
1175 2590 1250 2622 eius
1274 2588 1450 2622 beneficio
1475 2599 1577 2633 egere
1593 2588 1758 2622 iactasse:

330 2636 368 2665 et
391 2643 438 2666 ne
457 2633 579 2666 irritus
600 2644 641 2666 ac
657 2635 867 2668 temerarius
891 2634 994 2668 labor
1012 2635 1297 2681 impossibiiibus
1323 2634 1394 2668 sibi
1420 2634 1627 2669 suadendis
1643 2634 1760 2668 susci-

328 2683 491 2722 peretur,
529 2679 722 2715 monuis'se.
785 2679 860 2725 Qui
890 2680 1057 2723 aderant,
1092 2681 1214 2716 Latini
1246 2681 1476 2728 praesertim,
1505 2681 1645 2716 fatuum
1667 2679 1756 2717 adeo
