1852 3146
330 113 441 149 220
870 111 1243 157 CANTACUZENI

133 213 314 261 A.C.n327
326 210 401 254 xm*
435 208 673 265 προθυμίας
712 209 818 265 ὑπὲρ
851 211 936 253 τῶν
970 213 1086 268 κοινῇ
1111 214 1161 270 τῇ
1181 212 1403 266 Ῥωμαίων
1430 212 1764 274 ἧγεμονιξισυμ-

327 276 539 333 φερόντων
576 274 656 329 οὐχ
693 273 832 332 ἕτερόν
871 291 966 318 τινα
1006 275 1233 333 ἀξιόχρεων
1272 273 1302 334 ἢ
1328 280 1377 321 σὲ
1401 279 1600 335 μάρτυρα
1627 276 1764 330 ἔξεστι

324 345 570 396 παρασχεῖν.
597 336 721 383 οἶσθα
747 338 842 396 γὰρ,
869 336 993 395 ὅπως,
1008 346 1271 398 Προυσηνῶν
1294 342 1376 386 ὗπό
1396 345 1579 400 Περσῶν
1592 349 1763 402 πολιορ-

325 406 536 459 κουμένων
565 404 638 447 καὶ
672 402 771 448 ὅσον
808 401 924 448 οὔπω
952 405 1194 449 ἁλώσεσθαι
1231 408 1586 464 προσδοκωμένων
1613 407 1687 461 διὰ,
1713 403 1760 452 τό

324 467 400 511 τόν
424 475 540 512 σῖτον
566 471 828 514 παντάπασιν
855 472 1183 525 ἐπιλελοιπέναι,
1226 471 1460 526 πυθόμενος
1482 471 1610 524 αὖτὸς
1635 473 1792 517 anm-5

324 538 470 589 κλητος
496 535 555 584 εἷς
580 534 815 588 Βυζάντιον
841 531 968 591 ἧκον,
998 534 1191 590 δεόμενός
1216 554 1259 580 τε
1288 532 1378 592 ἅμα
1405 537 1478 581 καί
1501 539 1766 593 συμβουλεύ-

324 616 404 653 ων,
430 605 518 650 τοῖς
541 603 903 659 πολιορκουμένοις
937 601 1014 658 τὴν
1053 603 1235 658 δυνατὴν
1271 602 1472 660 πρόνοιαν
1513 604 1766 660 εἰσενεγκεῖν.

324 661 434 722 αὕτη
462 667 502 708 δ’
529 661 580 723 ἦν
604 664 651 709 τὸ
680 667 756 722 ἐμὲ
783 663 874 721 ἅμα
900 670 953 725 τῇ
981 669 1154 726 στρατιᾷ
1181 670 1309 712 ναυσί
1344 667 1450 726 πρὸς
1474 668 1549 725 τὴν
1580 668 1766 726 Τρίγλει-

288 738 382 772 Βαν
402 733 718 787 περαιωθέντα,
745 733 838 775 ἐπεί
861 732 912 774 ού
942 731 1046 775 πολύ
1072 731 1277 789 Προύσης
1298 734 1453 788 διέχει,
1487 739 1574 784 τοῖς
1593 750 1640 776 τε
1658 737 1766 790 βαρ-

325 796 485 853 βάροις,
512 793 564 853 ἢν
590 797 798 853 δύνωμαι,
825 798 1054 842 ἐπιθέσθαι
1082 798 1155 841 καί
1173 802 1441 855 Προυσηνοῖς
1468 797 1521 842 τοὶ
1550 799 1820 855 ἐπιτήδειαιο

324 861 566 916 ἐσκομίσαι·
615 862 764 906 τούτου
792 864 838 907 δὲ
865 865 1083 919 γενομένου
1097 897 1111 917 ,
1140 863 1255 915 ἐλπὶς
1282 862 1438 915 αὐτούς
1463 863 1612 921 χρόνον
1637 862 1767 907 πολὺν

326 925 434 982 πρός
459 925 538 983 τὴν
563 930 803 985 πολιορκίαν
829 927 1110 984 α’ντισχήσειν·
1136 924 1266 971 τᾶλλα
1292 927 1372 986 γὰρ
1401 928 1429 987 ἤ
1456 926 1578 980 πόλις
1603 925 1770 975 ἅπαντα
1792 980 1795 983 ,

325 990 652 1035 κατεσκεύασται
678 996 900 1051 καρτερῶς.
928 993 1008 1049 ἐγώ
1037 995 1116 1048 μὲν
1144 988 1219 1037 οὖν
1246 991 1358 1037 οὕτω
1385 993 1629 1052 προθυμίας
1654 991 1768 1049 εἶχον

329 1055 434 1113 πρὸς
457 1056 504 1100 τὸ
532 1061 802 1114 Προυσηνοῖς
825 1062 998 1115 βοηθεῖν
1019 1056 1149 1110 αὐτὸς
1171 1059 1509 1114 διακινδυνεύων,
1538 1057 1621 1103 ab&
1639 1060 1686 1102 δὲ
1706 1057 1767 1115 μὴ

325 1123 540 1179 ἐφιέντος,
568 1118 681 1165 ἄκων
708 1126 991 1181 κατεσχέθην·
1037 1122 1061 1167 ὃ
1089 1124 1162 1167 καί
1184 1123 1367 1179 μάλιστα
1395 1123 1529 1168 αἴτιον
1556 1123 1672 1177 ἔδοξε
1697 1127 1820 1181 γε-ιό

323 1189 527 1242 γενῆσθαι
564 1191 639 1232 τοῦ
665 1191 874 1246 Προῦσαν
914 1189 998 1232 ὑπὸ
1026 1195 1112 1239 τοῖς
1149 1193 1418 1247 πολιορκοῦσι
1443 1188 1676 1247 βαρβάροις
1699 1205 1770 1246 γε-

290 1256 549 1310 (ἶγενῆσθαι.
588 1256 722 1298 ταῦτα
751 1257 797 1298 δὲ
826 1257 1012 1311 διῆλθον,
1053 1252 1132 1310 οὖχ
1160 1257 1214 1299 ἵν’
1243 1253 1386 1308 ἁπλῶς
1413 1252 1520 1298 οὕτω
1548 1254 1771 1313 φιλοτιμή-

322 1334 487 1373 σωμαι,
526 1320 619 1363 ἄλλ’
646 1321 702 1363 ἵν’
730 1321 983 1374 ἐπιδείξαιμι
1010 1322 1056 1363 ἐκ
1081 1322 1236 1364 πολλοῦ
1261 1322 1341 1363 τοῦ
1366 1319 1604 1378 περιόντος,
1640 1315 1704 1363 ὅτι
1730 1321 1772 1363 εἶ

321 1384 424 1436 μιᾶς
449 1387 566 1427 ἕνεκα
592 1383 747 1435 πόλεως
785 1384 1107 1442 κινδυνευούσης
1134 1382 1243 1428 οὕτω
1268 1384 1561 1442 περιεκαιόμην
1588 1384 1662 1428 καὶ
1681 1386 1769 1428 δεῖν

323 1446 512 1502 ἐνόμιζον
539 1446 568 1506 ἢ
591 1453 763 1506 βοηθεῖν
791 1451 901 1508 αὕτῇ
933 1445 961 1507 ἢ
989 1449 1062 1493 καὶ
1096 1450 1225 1500 αὐτὸς
1250 1450 1606 1506 συγκινδυνεύειν,
1658 1448 1822 1494 noman

322 1515 485 1566 μᾶλλον
511 1509 562 1556 ἂν
588 1514 756 1570 ἀλγοίην
782 1516 870 1570 νῦν,
898 1513 1007 1570 ὅμοῧ
1029 1515 1250 1570 Ῥωμαίων
1271 1514 1499 1569 σύμπασαν
1517 1514 1595 1571 τὴν
1615 1513 1770 1571 ἡγεμο-

325 1579 421 1623 νίαν
439 1581 762 1624 κινδυνεύουσαν
781 1580 901 1638 ὃρῶν.
927 1579 973 1624 τὸ
1001 1581 1082 1638 γὰρ
1111 1580 1238 1637 ἡμᾶς,
1263 1580 1362 1630 τούς
1386 1581 1492 1638 ὑπὲρ
1515 1582 1647 1638 αὐτῆς
1665 1579 1770 1637 πρὸς

322 1644 423 1695 τούς
450 1644 529 1698 ἔξω
557 1645 781 1699 πολεμίους
821 1651 1016 1700 πολεμεῖν
1043 1648 1229 1697 δικαίους
1257 1640 1403 1700 ὄντας,
1452 1642 1769 1703 συᾷῥήγνυσθαι

320 1707 515 1767 ἀλλήλοις
555 1707 630 1753 οὔκ
668 1705 769 1754 ἄλλο
806 1729 848 1755 τι
873 1707 903 1767 ἢ
929 1709 1226 1768 καταστροφὴν
1252 1710 1380 1768 αύτῆς
1404 1711 1661 1768 τελεωτάτην
1686 1709 1768 1754 οἴε-

320 1821 369 1854 tia
385 1831 498 1861 meae,
523 1820 734 1867 imperator,
759 1821 806 1856 ad
822 1821 1046 1868 providenda
1071 1834 1113 1857 ac
1123 1821 1259 1858 tuenda
1271 1822 1423 1858 Romani
1441 1822 1587 1868 imperii
1607 1832 1766 1858 eommo-

322 1869 369 1905 da
392 1873 535 1914 praeter
555 1874 603 1911 ,te
626 1869 798 1904 idoneum
824 1875 956 1903 testem
979 1868 1128 1904 laudare
1151 1870 1264 1904 alium
1288 1881 1363 1905 non
1381 1879 1487 1916 queo.
1523 1869 1651 1903 Manet
1667 1869 1766 1903 enim

321 1915 362 1947 in
388 1914 679 1959 memoriaztibi,
712 1927 784 1962 quo
809 1921 939 1960 Paete,
974 1927 1056 1951 cum
1079 1917 1229 1950 Pruseni
1254 1928 1275 1949 a
1300 1917 1414 1950 Persis
1437 1915 1629 1949 obsidione
1651 1916 1766 1950 valla·

322 1965 466 2003 rentur,
509 1967 546 1995 et
569 1962 640 1996 iam
664 1963 758 1997 inibi
785 1967 899 2004 esset,
931 1965 974 1995 ut
997 1963 1145 2008 penitus
1171 1962 1306 1997 defecti
1329 1962 1500 2004 cibariis,
1531 1962 1570 1994 in
1603 1960 1765 1996 hostium

320 2018 448 2041 manus
471 2009 651 2050 venirent,
672 2020 751 2054 ego,
776 2019 814 2042 re
837 2014 1032 2053 comperta,
1051 2010 1259 2053 Byzantium
1282 2020 1359 2044 non
1380 2013 1527 2043 vocatus
1554 2007 1764 2051 advolarim,

320 2058 433 2098 teque
457 2053 615 2098 rogando
641 2060 678 2088 et
709 2054 887 2089 hortando
921 2056 1156 2100 impulerim,
1192 2061 1235 2090 ut
1272 2065 1345 2101 qua
1377 2059 1501 2100 posset
1531 2053 1765 2100 providentia

318 2101 436 2133 victus
460 2100 724 2145 importaretur.
772 2102 918 2136 Poterat
941 2106 1062 2135 autem
1086 2103 1160 2144 sic,
1194 2106 1237 2136 ut
1259 2112 1325 2147 ego
1352 2111 1434 2135 cum
1459 2099 1640 2134 militibus
1678 2101 1765 2134 Tri—

314 2147 430 2193 gliam
455 2147 582 2180 Prusae
607 2148 761 2181 vicinam
785 2147 1000 2189 traiicerem,
1028 2148 1219 2189 barbaros,
1253 2148 1286 2182 si
1311 2148 1461 2188 liceret,
1484 2146 1702 2189 invaderem,
1729 2151 1770 2181 et

321 2194 489 2228 Prusenis
516 2193 690 2226 alimenta
714 2193 901 2230 inferrem.
950 2193 1033 2238 Quo
1059 2195 1208 2240 quidem
1231 2193 1339 2228 modo
1365 2192 1595 2228 obsidionem
1618 2193 1683 2228 diu
1707 2198 1768 2227 to·-

322 2240 517 2275 leraturam
541 2240 773 2283 sperabatur,
811 2240 955 2285 quando
991 2240 1229 2288 undiquaque
1260 2240 1412 2274 firmiter
1455 2240 1674 2274 communita
1701 2244 1766 2272 est.

322 2286 413 2319 Cum
437 2287 550 2331 igitur
576 2296 640 2331 ego
666 2286 832 2320 Prusenis
858 2287 1019 2332 quamvis
1045 2299 1125 2320 cum
1150 2288 1280 2332 capitis
1304 2286 1377 2320 mei
1395 2285 1604 2320 discrimine
1620 2295 1766 2319 succur—

321 2332 429 2367 rendi
453 2331 633 2366 desiderio
658 2331 821 2365 arderem
837 2357 846 2374 ,
872 2339 913 2367 tu
938 2344 995 2366 me
1018 2333 1172 2367 invitum
1195 2332 1418 2367 cohibuisti:
1453 2331 1492 2365 id
1519 2331 1618 2377 quod
1641 2331 1762 2377 potis-

321 2377 625 2430 simumgyidetur
651 2378 691 2412 in
715 2389 821 2411 causa
845 2379 978 2421 fuisse,
1006 2390 1068 2412 cur
1103 2381 1340 2414 Prusenorum
1376 2378 1522 2412 barbari
1545 2378 1762 2424 potirentur.

320 2425 421 2463 Haec
445 2425 596 2466 narravi,
620 2436 695 2459 non
718 2430 760 2458 ut
783 2425 955 2470 gloriarer
981 2425 1243 2468 tantummodo,
1267 2424 1330 2459 sed
1357 2429 1400 2458 ut
1424 2435 1469 2457 ex
1487 2435 1542 2466 ea,
1565 2434 1656 2471 quae
1671 2422 1764 2458 mihi

322 2471 533 2517 suppeditat
557 2471 684 2516 copia,
711 2471 809 2517 quod
832 2472 913 2522 yolo
938 2483 1011 2506 uno
1036 2478 1243 2517 argumento
1264 2471 1553 2505 demonstrarem.
1604 2469 1641 2504 Si
1663 2469 1763 2502 enim

320 2522 471 2566 propter
494 2518 638 2551 unicam
665 2517 792 2550 urbem
816 2522 958 2551 tantum
992 2519 1177 2552 cruciabar
1201 2519 1235 2551 ei
1264 2529 1310 2551 ue
1342 2522 1406 2551 aut
1431 2515 1622 2549 ferendum
1658 2515 1764 2548 auxi-

322 2567 426 2606 lium,
452 2569 516 2597 aut
536 2575 618 2597 cum
641 2574 683 2597 ea
703 2574 826 2597 omnes
852 2574 952 2596 casus
978 2565 1069 2598 mihi
1093 2565 1234 2598 subeun
1263 2575 1301 2597 os
1325 2561 1596 2603 existimabam,
1622 2566 1758 2617 quanto

324 2612 435 2656 magis
459 2621 556 2648 nunc
580 2610 772 2651 cruciarer,
799 2609 829 2642 si
858 2610 1065 2644 universum
1083 2610 1272 2656 imperium
1286 2611 1484 2643 Romanum
1502 2608 1612 2643 simul
1632 2619 1671 2641 m
1685 2606 1763 2640 dis-

325 2659 462 2697 crimen
484 2662 647 2691 vocatum
672 2655 892 2702 aspicerem?
940 2655 1031 2689 Nam
1063 2657 1162 2702 quod
1187 2667 1276 2698 nos,
1305 2656 1368 2702 qui
1399 2666 1464 2701 pro
1499 2665 1542 2688 eo
1573 2654 1762 2688 adversum

326 2709 465 2740 exteros
489 2714 712 2751 propugnare
737 2713 873 2737 summo
898 2702 975 2740 iure
1001 2701 1244 2744 debebamus,
1280 2701 1379 2739 bello
1401 2701 1670 2742 concurrimus,
1692 2699 1764 2736 hoo
