1832 3138
311 63 381 136 74
833 78 1197 122 CANTACUZENI

115 190 196 229 AC.
215 183 365 240 ιδαιτῷ
393 183 562 236 βασιλεῖ’
577 178 649 221 καὶ
679 177 815 234 πατρὶ,
848 179 1029 234 ὑπέχειν
1043 178 1221 234 ἐμαυτὸν
1255 177 1327 221 καί
1351 180 1637 224 καταδουλοῦν
1662 185 1736 226 καὶ

307 247 366 303 μὴ
387 247 584 301 παρέχειν
603 243 754 298 αἰτίας,
775 241 874 288 ὥστ’
903 247 1072 304 ἐμαυτῷ
1090 245 1166 302 τὴν
1190 245 1268 301 σὴν
1290 244 1545 301 γαληνότητα
1574 247 1735 302 ἐξοργί-

308 315 406 365 ζειν.
434 312 538 364 ἐμοῦ
565 312 605 352 δ’
624 311 941 367 ἰσχυριζομένου
964 312 1344 367 τοιοῦτον,ἒ,ιιαυτῷ
1361 312 1593 354 συνειδέναι
1602 313 1732 368 μηδὲν

307 377 382 419 καί
403 372 580 424 πολλοὺς
607 377 667 425 εἰς
689 374 912 430 ἀπολογίαν
941 375 1203 432 συνείροντος
1231 374 1375 430 λόγους
1384 409 1398 429 ,
1429 375 1559 419 οῦδὲν
1589 378 1734 429 αὐτοῖς

308 443 366 490 εἷς
403 441 539 483 fislaca
566 441 777 495 νομίζεται
808 441 897 493 οἷξιό
898 457 1060 497 χρεων,
1099 437 1210 496 ὅπερ,
1231 441 1341 483 ἐστίν
1380 438 1490 491 εἰκὸς
1518 443 1756 497 λογιζομέ-ξί

206 519 241 553 P.
252 516 298 558 49
310 522 405 560 νοις,
434 505 492 556 ὥς
514 506 589 549 οὐκ
612 503 662 549 ἂν
684 503 814 557 οὕτως
834 507 860 563 ἧ
886 507 1014 564 φύσις
1034 505 1138 562 πρὸς
1156 504 1310 561 ἱ-αυτὴν
1331 508 1651 564 ἐκπολεμωθτίη,
1671 507 1731 564 μὴ

302 573 383 615 τῶν
403 572 549 615 αἰτίων
569 566 699 615 ὄντων
725 562 965 630 ὑπερφυῶν.
1005 571 1104 614 οὐδὲ
1142 569 1222 628 γάρ
1251 567 1352 614 ούδὲ
1378 571 1463 615 τῶν-
1486 569 1650 629 θηρίωιῦ
1676 572 1735 616 τὰ
1830 554 1832 630 Ι

303 639 576 692 χαλεπώτατα
596 644 683 687 τοῖς
703 638 861 687 τέκνοις
887 636 1190 692 ἐπεβούλευσαν
1221 652 1318 679 ποτε
1343 642 1432 686 τοῖς
1457 636 1604 687 ἰδίοις.
1627 639 1670 681 εἴ
1685 639 1737 681 δὲ
1831 645 1832 650 ’

303 719 410 752 τινες
435 705 479 746 ἐν
496 704 642 752 αὐτοῖς
664 699 746 745 εἶεν
774 701 847 744 καί
863 701 920 759 μὴ
948 705 1150 756 τοιοῦτοι,
1187 699 1301 744 οὕτω
1333 705 1468 752 δοκεῖς
1501 704 1576 758 ἐμὲ
1603 702 1734 746 κακὸν

305 768 379 811 καὶ
394 768 611 824 ἀγνώμονα
634 765 740 811 εἶναι
761 769 859 825 περὶ
878 767 975 818 τούς
999 767 1172 825 φίλους,
1197 764 1304 810 ὥστε
1324 770 1396 824 τῆς
1418 769 1478 818 εἰς
1494 770 1570 822 ἐμὲ
1591 767 1788 826 φιλίαςιο

303 834 532 890 προδοσίαν
551 838 784 891 παρασχεῖν
815 833 1112 887 οἷντιμισθὴκνς
1150 833 1227 875 οὔκ
1247 832 1365 875 ἔστιν’
1379 834 1604 887 οὐδαμῶς.
1630 833 1735 892 ῥᾷον

300 898 378 954 γὰρ
403 894 456 941 ἂν
484 895 614 949 αὔτὸς
649 898 700 940 οὕ
698 916 730 953 χ
760 898 869 954 ὑπὲρ
903 898 1070 941 πάντων
1091 897 1221 953 ὁμοῦ,
1252 898 1357 941 οἷλλοὶ
1385 900 1458 943 καί
1480 896 1571 948 ἐνὸς
1591 897 1739 941 αὔτῶν

202 973 243 1007 V.
256 972 300 1018 40
311 963 385 1020 τὴν
405 962 510 1020 ἒμὴν
533 962 770 1020 προήσομαι
789 963 1012 1021 σωτηρίαν,
1038 960 1068 1020 ἢ
1087 962 1244 1020 ταύτην
1266 963 1606 1021 περιποιούμενος
1627 963 1736 1007 ἐκεί-

302 1043 400 1078 νους
416 1029 602 1084 ἐθελήσω
633 1031 706 1071 καί
723 1035 889 1086 μικροῖς
908 1045 995 1089 τισι
1025 1031 1332 1086 προσομιλῆσαι
1354 1035 1516 1078 κακοῖς.
1549 1026 1614 1070 ἔτι
1628 1027 1736 1084 πρὸς

302 1094 464 1143 τούτοις
484 1093 558 1136 καὶ
577 1090 714 1151 ὅρκοις
740 1095 940 1147 ἐπέταξας
970 1093 1018 1137 τὸ
1039 1094 1099 1152 μὴ
1132 1096 1305 1154 δρασμῷ
1324 1094 1570 1152 χρήσασθαι
1591 1090 1786 1150 ‹inqua-15

304 1157 533 1201 Zeiram‘lat·
564 1154 722 1213 ὄμνυμι
749 1159 801 1215 δή
833 1176 900 1202 σοι
930 1159 1004 1203 τὸν
1041 1159 1236 1203 ἁπάντων
1275 1160 1418 1218 κύριον
1452 1158 1527 1202 καὶ
1556 1161 1733 1215 βασιλέα

264 1221 427 1278 nazar,
455 1222 512 1274 ὦς
532 1220 584 1284 ἄν
602 1241 644 1266 τι
671 1223 858 1282 φωράσω
884 1225 982 1282 περὶ
997 1228 1073 1280 ἐμὲ
1088 1225 1389 1281 βουλευόμενον
1412 1227 1602 1269 κίνδυνον
1615 1226 1734 1269 α’πει-

303 1289 427 1343 λοῢν,
457 1288 570 1347 πάσῃ
595 1289 771 1344 δυνάμει
793 1293 865 1333 καί
884 1288 965 1349 ὅλῳ
986 1291 1087 1334 ποδί
1104 1291 1319 1348 χρήσομαι
1340 1290 1446 1348 πρὸς
1475 1289 1652 1348 φυγήν.”

410 1354 474 1404 ις’.
534 1356 674 1398 Ταῦτα
694 1357 770 1397 τοῦ
790 1358 885 1398 νέου
908 1357 1114 1410 βασιλέως
1137 1354 1376 1410 διεξιόντος,
1411 1354 1432 1398 ὃ
1456 1355 1734 1414 πρεσβύτερος

302 1418 386 1461 ὑπὸ
418 1418 494 1469 τοὶς
515 1419 654 1476 θύρας
688 1419 906 1474 ἱστάμενος
935 1423 1009 1463 τοῦ
1041 1420 1247 1475 οἰκίσκον,
1289 1419 1454 1464 πάντων
1486 1422 1790 1478 &aquosa-tosto

304 1487 378 1528 καί
399 1479 530 1527 τᾶλλα
550 1488 628 1539 μὲν
651 1480 790 1542 ἤνεγκε
812 1488 1001 1542 σιωπῶν,
1027 1485 1104 1542 τὴν
1126 1485 1263 1544 φυγὴν
1284 1489 1330 1529 δὲ
1354 1484 1550 1538 ἀκούσας·
1571 1490 1653 1541 ,,σὺ
1681 1488 1736 1541 δ’,

268 1549 385 1608 Εέφη
408 1549 568 1608 ,,φεύξῃ
599 1566 645 1605 γε
669 1550 749 1605 (525,-
778 1552 870 1595 ἀλλ’
892 1549 990 1595 ὅσον
1013 1548 1127 1595 οὔπω
1155 1551 1209 1595 σύ
1226 1555 1304 1606 μὲν
1338 1554 1592 1610 συλληφθείς
1622 1552 1734 1594 α’πα-

301 1615 446 1674 χθῆσῃ
475 1614 688 1673 δεσμώτης
708 1617 780 1660 καί
797 1615 902 1674 πρὸς
924 1618 1178 1674 δοριαλώτου
1202 1616 1407 1669 καταστὰς
1427 1616 1572 1674 τύχην.
1599 1615 1683 1674 ἐγώ
1694 1619 1736 1659 δ’

301 1741 371 1777 εἰη]
407 1739 579 1783 audiens,
613 1741 757 1787 tibique
791 1742 963 1783 serviam,
994 1742 1199 1776 occasiones
1220 1742 1378 1787 fugiam,
1402 1741 1535 1787 quibus
1561 1741 1735 1776 serenitas

302 1791 366 1823 tua
392 1786 576 1820 adversum
600 1799 658 1827 me
681 1787 820 1821 turbari
847 1793 884 1821 et
916 1788 1050 1822 irritari
1074 1794 1193 1834 queat.
1250 1788 1345 1821 Dum
1376 1794 1497 1822 autem
1528 1793 1735 1826 constanter

302 1833 464 1874 affirmo,
486 1833 583 1867 nihil
614 1833 821 1868 huiusmodi
852 1835 1010 1868 conscire
1047 1834 1156 1876 mihi,
1188 1835 1368 1880 verbaque
1400 1834 1447 1868 ad
1482 1834 1732 1869 defensionem

303 1889 441 1920 acervo,
465 1878 561 1914 haud
584 1880 657 1914 illis
683 1882 879 1926 quidquam
902 1881 948 1914 ad
971 1880 1079 1914 fidem
1106 1882 1192 1915 satis
1215 1881 1377 1915 videtur:
1408 1881 1648 1925 probabiliter
1673 1892 1732 1914 ra-

302 1925 584 1968 tiocinantibus,
611 1939 684 1961 non
707 1928 867 1972 potuisse
890 1933 1054 1961 naturam
1078 1932 1213 1961 tantam
1237 1929 1276 1961 in
1300 1928 1528 1972 semetipsam
1549 1925 1734 1960 hostilita-

302 1975 377 2003 tem
403 1972 576 2015 induere,
599 1974 671 2006 nisi
694 1985 820 2007 causae
843 1974 1014 2015 fuissent,
1039 1979 1076 2017 et
1100 1974 1245 2018 quidem
1265 1974 1376 2014 tales,
1415 1985 1509 2019 quae
1541 1974 1637 2017 ipsas
1666 1984 1732 2006 na-

302 2020 405 2052 ¹turae
434 2024 549 2052 metas
585 2020 816 2053 excederent:
850 2019 992 2066 quando
1017 2030 1135 2065 neque
1159 2020 1484 2054 truculentissimae
1514 2019 1669 2053 ferarum
1691 2020 1732 2054 in

302 2063 442 2097 catulos
477 2076 559 2099 suos
591 2077 747 2110 unquam
783 2077 859 2099 sese
888 2066 1078 2100 insidiosas
1111 2077 1152 2100 ac
1182 2067 1354 2111 malignas
1381 2066 1635 2111 praebuerunt.
1682 2066 1730 2099 Et

302 2114 347 2143 ut
369 2110 484 2155 aliqui
508 2111 603 2145 inter
622 2123 681 2145 eos
705 2118 777 2146 tam
802 2112 951 2146 solliciti
975 2123 1049 2146 non
1072 2112 1156 2153 sint,
1180 2124 1225 2145 an
1248 2123 1305 2146 me
1330 2111 1420 2146 adeo
1445 2122 1602 2158 nequam
1625 2112 1666 2145 in
1690 2124 1731 2146 a-

301 2158 416 2191 micos
450 2162 488 2190 et
521 2158 632 2192 officii
664 2159 909 2191 immemorem
940 2164 1060 2203 putas,
1094 2163 1136 2192 ut
1159 2170 1283 2192 eorum
1306 2159 1492 2193 caritatem
1524 2157 1732 2203 proditione

302 2215 530 2241 remunerare
559 2202 693 2243 velim?
740 2204 797 2237 Oh
818 2204 1050 2249 neutiquam:
1081 2205 1211 2246 citius,
1236 2216 1311 2239 non
1333 2216 1398 2250 pro
1434 2205 1599 2238 omnibus
1622 2204 1730 2239 modo
1771 2202 1775 2205 ’

303 2250 433 2291 simul,
463 2250 527 2284 sed
559 2262 624 2296 pro
658 2251 806 2294 singulis
833 2252 941 2284 ctiam
965 2256 1070 2295 caput
1099 2262 1218 2285 meum
1242 2251 1414 2286 devovere
1437 2263 1512 2285 non
1534 2250 1732 2291 dubitabo,

300 2307 412 2343 ‘quam
428 2301 470 2329 ut
489 2298 565 2330 eius
583 2297 747 2331 servandi
763 2298 819 2331 vel
841 2298 918 2330 leve
940 2309 1000 2332 eos
1023 2299 1139 2343 patiar
1161 2298 1283 2332 subire
1305 2297 1586 2336 incommodum.
1627 2298 1732 2331 Prae-

302 2347 404 2377 terea
436 2342 482 2377 de
512 2343 595 2389 fuga
617 2355 691 2377 non
725 2342 955 2388 suscipienda
983 2344 1217 2379 iurisiurandi
1239 2344 1528 2378 testificationem
1546 2343 1638 2378 mihi
1660 2344 1731 2376 im-

303 2389 457 2435 perasti:
483 2400 549 2435 per
571 2391 818 2426 universorum
842 2390 950 2435 igitur
983 2391 1168 2425 dominum
1194 2395 1232 2424 et
1263 2392 1463 2437 principem
1500 2391 1616 2424 Deum
1648 2390 1729 2423 iuro

303 2436 396 2477 tibi,
420 2437 452 2470 si
474 2440 511 2469 te
536 2436 731 2481 quidquam
755 2436 936 2470 inimicius
958 2442 1080 2471 contra
1104 2448 1160 2470 me
1183 2437 1391 2471 molientem
1413 2447 1621 2483 cognovero,
1643 2446 1727 2470 ner-

303 2483 359 2519 vis
383 2482 551 2516 omnibus
577 2487 614 2515 et
635 2488 734 2524 toto,
761 2482 860 2528 quod
883 2484 1004 2525 aiunt,
1028 2482 1121 2529 pede
1158 2483 1299 2529 fugiam.

404 2530 455 2564 16.
503 2529 600 2563 Haec
623 2529 764 2563 iuniore
799 2527 1018 2571 disserente,
1042 2530 1109 2563 sub
1139 2530 1246 2563 ianua
1267 2529 1504 2564 domunculae
1530 2528 1727 2562 consistens

308 2576 429 2609 senior
460 2574 681 2609 auscultabat
714 2575 843 2609 omnia.
898 2577 944 2610 Et
977 2576 1024 2610 ad
1055 2581 1174 2610 cetera
1198 2575 1344 2622 quidem
1367 2581 1509 2616 mutus,
1535 2574 1599 2607 uhi
1622 2573 1727 2618 fugae

307 2621 409 2655 illata
433 2627 487 2656 est
510 2623 670 2664 mentio,
700 2622 755 2655 Tu
774 2648 782 2663 ‚
815 2623 951 2668 inquit,
974 2627 1060 2656 tune
1083 2628 1125 2656 ut
1155 2621 1305 2668 fugias?
1331 2621 1441 2667 Atqui
1464 2620 1603 2654 iamiam
1627 2629 1726 2654 com-

308 2667 504 2713 prehensus
539 2673 575 2703 ot
608 2668 759 2709 vinculis
785 2670 996 2708 constrictus
1022 2668 1223 2711 abducere,
1254 2674 1293 2704 ct
1321 2668 1369 2704 ad
1391 2666 1523 2712 captivi
1545 2666 1725 2705 fortunam
