1820 3164
288 103 401 160 508
817 76 1186 174 CANTAcUzENi

94 232 365 277 A.C.1337aav
397 220 468 264 ἐπὶ
497 220 574 262 rofi
601 221 791 275 αἶγιαλοῦ
818 223 944 263 κεναί.
982 253 985 255 >
995 220 1195 275 βασιλευς
1222 225 1270 266 δὲ
1294 221 1398 277 μετά
1428 222 1498 280 τῆς
1516 224 1726 280 ’στρατιᾶς

287 291 359 331 καί
385 285 430 329 αἱ
459 285 641 342 τριήρεις
661 285 887 341 ηὐλίσαντο
915 287 1048 329 αὐτοῦ
1074 287 1151 344 τήν
1183 288 1310 332 νύκτα
1338 288 1722 339 σκυλεύοντεςτοὺς

225 386 227 389 ,
288 349 459 408 νεκρούς
484 351 568 392 τῶν
603 349 832 404 πολεμίων.
886 353 958 407 τῆς
985 349 1114 408 αὕτῆς
1141 353 1188 395 δὲ
1221 352 1367 404 νυκτὸς
1392 352 1491 411 περὶ
1515 354 1647 409 μέσην
1676 354 1720 396 ἓ-

287 432 399 472 τεροι
420 415 631 471 βάρβαροι
654 416 772 458 ἐννέα
794 419 920 459 ναυσὶ
933 449 946 471 ,
983 419 1114 473 μηδὲν
1141 417 1298 467 εἰδότες
1323 419 1404 462 τῶν
1430 419 1722 474 γεγενημένων,

290 483 512 524 κατέπλεον
536 481 606 522 ἐπὶ
628 480 724 530 τούς
746 480 902 530 αὐτούς
929 481 1141 536 αἶγιαλοὺς
1166 482 1225 533 ὥς
1245 481 1518 536 συμμίξοντες
1537 488 1623 532 τοῖς
1646 477 1749 528 &iz-5

290 550 401 596 λοις.
456 545 769 600 ἀπροσδοκήτως
797 547 843 588 δὲ
872 552 962 597 ταῖς
991 547 1091 589 δυσὶ
1114 547 1303 604 τριήρεσι
1328 546 1615 603 περιπεσόντες
1637 547 1741 588 τῶν·

285 612 511 664 “Ρωμαίων
539 609 854 666 κατεπλάγησαν
882 614 959 666 μὲν
988 613 1044 669 τῷ
1070 611 1254 671 ἀδοκήτῳ
1271 629 1281 639 ·
1309 610 1414 668 πλὴν
1440 611 1510 661 διὰ
1530 610 1606 668 τὴν
1635 607 1723 653 ὄλι-

288 675 442 731 γότητα
478 674 770 732 θαῤῥήσαντες
810 673 972 731 αὖτῶν,
1006 679 1302 720 συνεπλέκοντο
1330 674 1430 733 πρὸς
1456 676 1610 732 μάχην.
1653 674 1726 718 καὶ

289 744 390 797 παρ’
428 739 564 795 ὀλίγον
600 742 678 794 μὲν
706 736 835 796 ἦλθον
870 741 945 792 τὰς
982 741 1163 799 τριήρεις
1193 743 1462 799 διαφθεῖραι.
1487 747 1490 750 ’
1517 742 1724 796 ἐπέβησαν

257 812 283 846 Β
293 804 374 861 γὰρ
404 803 444 847 οἱ
468 804 673 862 βάρβαροι
703 805 776 848 καί
800 809 873 862 τῆς
904 808 1029 861 μιᾶς.
1084 804 1192 862 πλήν
1212 805 1328 864 ,πρὸς
1357 803 1488 862 οἷλκῆν
1516 804 1777 863 τραπόμε-ῑο

291 885 357 913 νοι
393 869 431 911 οἱ
467 876 674 926 τριηρῖται
719 870 910 927 ἐνίκησάν
939 888 986 914 τε
1014 871 1088 914 καί
1117 874 1263 914 πασῶν
1302 871 1533 929 ἐκράτησαν
1560 874 1630 914 Πε
1658 886 1726 913 σι-

290 936 373 977 κῶν
407 937 533 988 νεῶν,
575 938 676 988 μιᾶς
707 937 930 994 διαδρᾶναι
958 938 1218 993 δυνηθείσης.
1273 933 1382 993 ἦσαν
1416 937 1464 980 δὲ
1496 938 1569 979 καὶ
1606 950 1731 988 ουτοι..

291 996 429 1055 ὥσπερ
464 1001 537 1041 καί
567 999 607 1041 οἱ
643 999 840 1058 πρότεροι
878 1003 1047 1057 λογάδες
1078 1004 1161 1044 τῶν
1201 1001 1316 1059 παρὰ
1351 999 1726 1058 Πέρσαιςλόνομα-

291 1064 518 1111 στοτάτων.
564 1062 663 1108 ὅθεν
693 1069 766 1109 καί
794 1066 833 1109 οἱ
859 1070 1111 1124 στρατιῶται
1139 1066 1235 1118 τούς
1263 1067 1437 1118 ἁλόντας
1459 1063 1599 1110 αὖτῶν
1625 1069 1726 1108 πολ-

290 1131 373 1174 λῶν
399 1129 553 1173 ἔλυσαν
578 1130 806 1187 χρημάτων
832 1134 878 1174 ἐκ
906 1134 989 1175 τῶν
1027 1131 1186 1175 οἰκείων
1213 1132 1630 1186 μεταπεμπομένους.
1685 1128 1781 1185 οἱι5

290 1198 369 1251 μὲν
408 1195 459 1252 δὴ
493 1195 704 1253 βάρβαροι
743 1193 876 1248 οὕτως
919 1197 1132 1241 ἀπώλοντο
1167 1199 1286 1240 κακοὶ
1322 1197 1477 1254 κακῶς.
1529 1193 1727 1250 βασιλεὺς

292 1264 340 1305 δὲ
364 1261 458 1304 ἐπεὶ
480 1261 532 1303 τὰ
564 1261 668 1319 πρὸς
689 1261 786 1312 τοὺς
813 1265 974 1318 γάμους
1001 1265 1073 1320 τῆς
1101 1262 1313 1320 θυγατρὸς
1339 1263 1473 1305 πάντα
1498 1276 1728 1317 παρεσκευ-

295 1329 455 1381 ασμένα
485 1322 560 1382 ἦν,
608 1322 714 1383 ἄρας
753 1329 798 1369 ἐκ
828 1330 1088 1382 Βυζαντίου,
1137 1324 1234 1383 ἧκεν
1270 1329 1329 1378 εἰς
1362 1324 1728 1385 ,Ἀδριανούπολιις

294 1393 385 1434 ἐκεῖ
402 1390 502 1441 τούς
527 1393 686 1446 γάμους
715 1395 960 1435 ἐκτελέσων.
1015 1389 1089 1448 ἧκε
1115 1395 1161 1434 δὲ
1192 1395 1264 1436 καί
1299 1393 1321 1435 ὅ
1355 1393 1438 1435 τῶν
1457 1393 1626 1434 Μυσῶν
1647 1393 1727 1445 βα-

292 1456 432 1507 σιλεὺς
461 1457 731 1513 Ἀλέξανδρος
757 1453 870 1512 ι’ίγων
900 1457 973 1499 καί
995 1456 1066 1499 τὸν
1087 1457 1180 1500 υἱὸν
1207 1457 1390 1513 Ἀσάνην
1415 1455 1620 1511 Μιχαὴλ,
1648 1458 1784 1512 βα-αᾳ

256 1524 414 1565 Οσιλέα
446 1523 518 1564 καί
556 1519 678 1565 αὐτὸν
708 1524 1090 1578 κεχειροτονημένον
1132 1523 1204 1564 ὑπ’
1233 1523 1381 1564 αὐτοῦ.
1427 1522 1500 1563 καὶ
1540 1517 1729 1574 εὐλογίαι

292 1589 373 1642 μὲν
400 1588 472 1630 καὶ
501 1583 578 1630 ὅσα
602 1586 724 1642 ἱεραῖς
747 1586 984 1640 νενόμισται
1012 1589 1083 1629 ἐπὶ
1106 1593 1192 1637 τοῖς
1219 1589 1368 1642 γάμοις
1393 1585 1511 1628 ἔνδον
1543 1585 1730 1640 {trel-offfe-⁵

294 1667 340 1694 το
357 1655 429 1706 τῆς
452 1651 609 1703 πόλεως
636 1653 877 1708 Ἀδριανοῦ·
912 1648 1088 1706 εὖωχίαι
1119 1654 1166 1694 δὲ
1185 1651 1259 1694 καὶ
1275 1650 1395 1693 πότοι
1416 1651 1490 1692 καὶ
1518 1645 1597 1692 ὅσα
1624 1647 1731 1707 πρὸς.
1772 1638 1774 1646 x

294 1718 443 1774 τέρψιν
472 1718 683 1774 ἐξεύρηντο
708 1719 782 1773 τῆς
806 1714 965 1776 ἑορτῆς,
987 1716 1100 1774 παρά
1131 1716 1230 1767 τοὺς
1258 1719 1333 1773 τῆς
1349 1716 1572 1772 Κομνηνῆς
1597 1728 1726 1770 προσ-

298 1869 426 1898 naves,
450 1867 581 1892 vacuae
609 1860 648 1893 in
671 1858 795 1892 littore
819 1861 1037 1891 manserunt.
1085 1857 1283 1901 Imperator
1308 1860 1345 1889 et
1367 1855 1446 1898 sui,
1470 1860 1550 1890 cu‘m
1573 1856 1731 1890 triremi-

297 1905 366 1938 bus
389 1905 467 1938 illic
490 1911 632 1939 noctem
655 1910 823 1950 agentes,
848 1904 1018 1937 cadavera
1040 1901 1198 1936 hostium
1224 1901 1443 1948 spoliabant.
1489 1902 1590 1936 Circa
1613 1901 1731 1935 medi-

297 1963 360 1984 um
382 1951 543 1984 eiusdem
571 1953 687 1985 noctis
718 1951 781 1984 alii
815 1950 985 1991 barbari,
1019 1949 1072 1982 rei
1104 1955 1221 1994 gestae
1245 1949 1385 1995 ignari,
1423 1959 1551 1982 novem
1580 1948 1730 1982 navibus

299 1997 346 2031 ad
374 1998 535 2032 eamdem
561 2009 657 2031 oram
683 1997 795 2031 delati
819 2003 914 2037 sunt,
939 2002 981 2030 ut
1005 2007 1042 2029 se
1067 1995 1248 2040 prioribus
1273 1995 1542 2040 coniungerent.
1590 1995 1731 2040 Impro—

298 2045 375 2077 viso
407 2050 529 2077 autem
553 2043 718 2077 Romanis
753 2043 963 2076 triremibus
992 2047 1245 2083 occurrentes,
1276 2052 1318 2075 eo
1345 2052 1426 2075 casu
1451 2041 1728 2085 obstupuerunt.

301 2090 440 2123 Tamen
465 2102 509 2123 ex
533 2101 652 2124 earum
676 2091 857 2135 paucitate
884 2094 1027 2134 sumpta
1053 2088 1226 2128 audacia,
1250 2099 1406 2133 pugnam
1430 2092 1637 2122 tentarunt:
1662 2097 1729 2131 pa-

298 2147 451 2181 ¹rumque
477 2136 605 2176 abfuit,
630 2138 719 2183 quin
743 2136 821 2168 illas
846 2136 1057 2180 perderent:
1083 2146 1163 2167 nam
1185 2135 1224 2167 in
1248 2135 1398 2168 alteram
1416 2135 1487 2168 iam
1502 2133 1731 2170 insiluerant.

300 2182 552 2216 Verumtamen
577 2183 749 2216 classiarii
775 2193 795 2214 a
820 2182 956 2215 viribus
982 2182 1054 2214 suis
1080 2186 1246 2223 petentes
1271 2181 1468 2221 auxilium,
1495 2190 1556 2212 eos
1585 2177 1731 2212 device-

301 2234 388 2263 runt
421 2229 653 2274 omniumque
685 2229 904 2261 Persicarum
927 2229 1094 2267 navium,
1133 2238 1204 2260 una
1230 2228 1346 2260 solum
1371 2226 1586 2271 effugiente,
1619 2223 1731 2270 potiti

301 2281 396 2310 sunt.
454 2275 572 2320 Atque
599 2275 638 2308 hi
664 2286 828 2320 quoque,
864 2280 905 2307 ut
931 2275 1089 2318 priores,
1126 2273 1258 2306 delecti
1290 2278 1391 2306 erant
1431 2277 1468 2305 et
1514 2270 1612 2304 domi
1645 2282 1730 2304 suae

300 2321 590 2355 nominatissimi.
642 2321 761 2365 Quare
788 2325 824 2353 et
848 2321 982 2354 milites
1011 2320 1178 2360 Romani,
1205 2320 1235 2352 si
1259 2321 1321 2365 qui
1346 2330 1366 2351 a
1389 2317 1603 2362 propinquis
1626 2322 1732 2361 pete-

302 2373 448 2408 rentur,
481 2367 606 2412 graudi
639 2368 791 2411 pecunia
830 2378 890 2399 eos
927 2365 1141 2399 vendebant.
1201 2366 1306 2398 Hunc
1337 2366 1376 2398 in
1407 2363 1551 2396 modum
1587 2363 1731 2397 barbari

301 2415 396 2448 male
420 2414 503 2446 mali
533 2413 732 2458 perierunt.
784 2414 1000 2458 Imperator,
1028 2412 1144 2445 ‘rebus
1179 2411 1345 2445 omnibus
1379 2409 1423 2443 ad
1458 2410 1554 2443 filiae
1585 2410 1730 2454 nuptias

301 2460 516 2506 praeparatis
561 2465 598 2493 et
642 2460 848 2500 instructis,
885 2459 1056 2501 Byzantio
1094 2457 1354 2501 Adrianopolin
1401 2455 1447 2488 ad
1497 2466 1555 2489 eas
1593 2454 1732 2488 ibidem

303 2506 522 2552 peragendas
541 2505 722 2550 profectus
741 2511 804 2538 est.
852 2505 986 2538 Eodem
1010 2515 1072 2536 rex
1096 2503 1298 2537 Moesorum
1323 2500 1523 2536 Alexander
1547 2511 1629 2536 cum
1654 2501 1730 2534 filio

302 2553 479 2586 Michaele
503 2553 642 2591 Asana,
669 2562 750 2596 rege
776 2552 845 2583 iam
870 2562 890 2584 a
914 2562 951 2584 se
985 2550 1188 2588 nominato,
1220 2550 1327 2582 venit.
1387 2549 1432 2581 Et
1461 2547 1732 2592 apprecationes

305 2600 451 2645 quidem
485 2609 546 2632 seu
581 2597 851 2631 benedictiones
887 2603 924 2630 ct
963 2606 1212 2642 quaecumque
1237 2606 1343 2640 super
1367 2595 1504 2639 nuptiis
1531 2603 1650 2626 sacrae
1674 2593 1730 2625 le-

306 2657 364 2690 ges
389 2645 636 2689 praecipiunt,
667 2645 706 2677 in
742 2644 831 2676 urbe
859 2643 1002 2676 fiebant.
1052 2642 1226 2675 Convivia
1251 2652 1332 2674 vero
1381 2646 1418 2674 et
1449 2639 1730 2686 compotationes

309 2698 460 2736 atquae
485 2690 531 2723 ad
556 2690 731 2725 laetitiam
755 2688 926 2724 festorum
958 2687 1229 2723 oonnubialium
1254 2688 1399 2722 inventa
1426 2691 1527 2727 sunt,
1557 2686 1597 2720 in
1620 2685 1729 2730 pratis
