1832 3132
340 112 373 165 3
387 130 401 164 1
415 111 447 164 8
871 115 1235 160 CANTACUZEM

154 235 234 270 ΑΒ,
252 226 403 276 1328159
427 224 499 280 τῆς
534 224 647 276 δίκης
674 221 892 273 ἐσομένης,
928 215 950 259 ὃ
978 221 1107 274 μέγας
1146 220 1222 272 μὲν
1262 220 1498 273 δομέστικος
1532 222 1586 280 τῷ
1613 228 1760 279 πατρι-

344 290 454 346 άρχῃ
482 279 797 339 συνταξάμενος,
824 284 962 326 οἴκαδε
991 281 1210 340 ἀπεχώρει·
1235 283 1256 326 ὃ
1286 284 1549 342 πατριάρχης
1576 289 1624 330 δὲ
1656 285 1761 344 πρὸς

340 354 438 402 τούς
464 349 674 407 παρόντας
711 350 870 404 ἀγνοεῖν
899 346 980 404 ἔφη
1017 344 1054 402 ἶί,
1064 364 1107 390 τι
1143 349 1199 405 τῷ
1233 349 1396 408 μεγάλῳ
1427 349 1654 411 ὃομεστίκῳ
1687 351 1762 407 τήν

340 416 442 472 πρὸς
479 414 556 471 τήν
596 416 712 470 δίκην
747 412 1001 468 ἐπαγγελίαν
1027 417 1135 455 νοεῖν
1154 445 1168 465 ,
1205 408 1233 468 ἢ
1259 414 1343 455 τίνι
1379 415 1620 473 θαῤῥοῧντα
1658 415 1762 473 πρὸς

340 481 414 538 τὴν
441 483 556 536 δίκην
584 477 894 535 ἀπαντήσεσθαι
920 477 1015 529 τοὺς
1043 478 1266 534 ἄρχιερέας
1293 479 1449 535 φάναι,
1484 477 1615 532 οὕτως
1638 477 1790 538 αὕη-5

341 541 612 602 κατακρίτους
640 539 771 603 ὄντας,
800 544 840 586 εἰ
862 542 920 598 μή
948 560 988 586 τι
1017 541 1254 599 καινότερον
1279 543 1532 601 ἐπινενόηται
1559 546 1687 605 αὐτῷ.
1707 545 1765 602 ,οἱ

340 610 536 668 παρόντες
564 611 624 664 δὲ,
653 608 691 651 οἳ
716 610 795 662 μὲν
822 605 913 650 οὔδ’
939 603 1059 650 afim-i
1076 605 1240 663 ἐῖρασαν
1267 607 1316 650 -τί
1330 609 1539 653 δύνασθαι
1564 605 1764 664 συνεῖναι,

344 674 382 717 οἱ
409 677 456 718 δὲ
482 674 727 716 ὑπώπτευον
735 705 747 726 ,
787 671 846 728 μὴ
891 673 965 715 οὔκ
1004 669 1144 728 ἀληθῆ
1169 670 1242 727 τήν
1281 671 1379 728 περὶ
1402 675 1486 717 τῶν
1513 675 1765 734 πραγμάτων

231 739 467 794 Ρ.196ἐ’σχεν
494 739 764 793 ἀπαγγελίαν,
805 738 896 780 ἀλλ’
930 735 1012 779 ὑπὸ
1041 739 1208 779 πολλῶν
1235 739 1308 780 καί
1333 740 1521 793 συνεχῶν
1548 736 1766 797 περιᾷῥεό-

341 820 461 861 μενος
498 804 754 860 φροντίδων,
793 803 877 859 οὐκ
907 800 1059 859 ἀκριβῆ
1094 801 1167 858 τὴν
1205 805 1392 854 ἐξέτασιν
1427 804 1647 861 ἐποιήσατο
1681 806 1829 861 τῶνιο,

342 868 637 911 ἀκουσθέντων.
668 863 717 908 οὗ
742 867 820 924 γάρ
845 868 958 909 ἐστιν
987 867 1095 917 εἰκὸς
1125 866 1362 920 πυθόμενον
1389 871 1488 924 περὶ
1521 867 1681 922 αὐτῶν,
1710 868 1767 919 ὥς

342 935 409 976 ἐπ’
444 933 617 989 οὐδεμιᾷ
648 930 877 989 προφάσει,
916 930 1022 973 ἀλλὰ
1057 930 1163 988 μόνῃ
1193 932 1244 988 τῇ
1272 932 1494 988 προστάξει
1529 932 1768 988 πειθόμενοι

342 1000 557 1052 βασιλέως,
587 996 714 1038 αὐτόν
734 1012 779 1038 τε
798 997 1000 1051 ἐξήλασαν
1018 997 1210 1046 ἐλθόντες
1241 998 1314 1052 τῆς
1337 997 1509 1054 ποίμνης
1527 1000 1582 1040 δι’
1605 996 1767 1042 ἐαυτῶν

342 1060 457 1118 παρὰ
481 1061 615 1103 πάντα
634 1060 705 1103 τὸν
725 1063 801 1103 τοῦ
825 1061 982 1103 δικαίου
1006 1059 1124 1116 λόγον
1147 1064 1220 1104 καί
1243 1064 1507 1106 κατέκλεισαν
1536 1065 1582 1106 ἐν
1601 1065 1768 1121 φρουρᾷ

343 1123 480 1182 ὥσπερ
508 1125 602 1168 τινά
625 1128 707 1168 τῶν
725 1125 797 1168 ἐπὶ
811 1128 1054 1175 δεινοτάτοις
1076 1125 1331 1182 ἑαλωκότων,
1358 1127 1488 1170 αὐτοί
1502 1143 1547 1170 τε
1566 1127 1645 1185 ὑφ’
1667 1124 1819 1171 {av-15

343 1198 428 1241 τοῖς
447 1191 691 1246 ἐποιήσαντο
711 1188 784 1245 τὴν
809 1190 1025 1246 ἐκκλησίαν
1047 1190 1119 1232 καί
1149 1190 1202 1232 τὰ
1222 1193 1394 1246 μέγιστα
1424 1187 1659 1243 ἀδικοῦντες
1697 1192 1771 1238 καὶ

343 1257 676 1304 πλεονεκτοῦντες
704 1256 920 1297 ἐδίδασκον
941 1253 1011 1297 τὸν
1040 1254 1143 1298 λαὸν
1176 1258 1272 1311 περὶ
1295 1257 1463 1313 ἀρετῆς,
1499 1257 1557 1314 μὴ
1589 1259 1642 1300 δὲ
1669 1258 1768 1317 ἐρυ-

306 1322 563 1376 Βθριῶντες,
593 1317 697 1360 άλλά
727 1318 799 1361 καὶ
817 1318 1108 1373 σεμνυνόμενοι
1135 1322 1186 1376 τῇ
1213 1321 1403 1377 ἁρπαγῇ,
1443 1322 1768 1376 ἐπαγγέλλεσθαι

345 1382 499 1433 αὐτοὺς
531 1383 781 1438 ἀπαντήσειν
806 1382 958 1438 εἰς’τὴν
997 1386 1126 1439 δίκην·
1153 1382 1280 1433 αὐτὸς
1306 1384 1386 1440 γάρ
1411 1381 1464 1428 ἂν
1491 1383 1634 1428 ἀὐτῶν
1657 1385 1767 1427 ἁπά-

345 1465 440 1499 σαις
455 1449 655 1504 πρότερον
677 1450 865 1502 κατέγνω.
897 1446 918 1488 ὅ
943 1450 1204 1505 πατριάρχης
1222 1451 1268 1491 δὲ
1292 1450 1389 1491 νοῦν
1407 1451 1485 1503 μὲν
1508 1449 1658 1500 αὐτούς
1684 1450 1819 1506 ἔφηῖο

344 1511 465 1567 λόγον
488 1511 634 1566 ἔχοντα
665 1513 889 1567 εἰρηκέναι,
918 1510 1044 1555 αὖτὸν
1074 1515 1119 1555 δὲ
1145 1511 1204 1568 μὴ
1239 1516 1461 1556 πείθεσθαι
1489 1511 1620 1564 οὕτως
1648 1511 1767 1568 εἶναι,

346 1576 457 1619 οἷλλά
480 1594 520 1618 τι
544 1574 616 1618 τὸν
636 1576 771 1630 μέγαν
788 1579 1023 1630 δομέστικον
1047 1579 1374 1632 ἐπινενοηκέναι,
1401 1581 1605 1633 βαθείαις,
1633 1578 1768 1622 καθά-

343 1657 419 1698 περ
446 1641 589 1695 ἴσμεν,
617 1644 867 1696 κεχρημένον
888 1647 979 1691 ταῖς
999 1643 1167 1699 φρεσίν,
1195 1641 1217 1684 ὃ
1240 1645 1316 1685 νῦν
1338 1636 1452 1699 ἡμᾶς
1468 1642 1527 1700 μή
1561 1643 1768 1687 δύνασθαι

433 1741 485 1764 12.
510 1728 711 1774 Legebatur
733 1728 950 1776 πυθόμενοι
970 1735 1007 1764 et
1057 1733 1108 1766 13.
1132 1728 1243 1765 αὐτοί
1255 1740 1305 1765 τε.

343 1807 554 1853 praefinito,
591 1818 661 1852 quo
687 1807 846 1852 episcopi
871 1807 1045 1840 iudicium
1069 1807 1233 1850 obirent,
1262 1820 1406 1854 magnus
1431 1808 1643 1843 domesticus
1666 1811 1765 1844 vale-

346 1853 440 1886 dixit
464 1865 503 1886 ac
527 1853 700 1886 discessit.
749 1854 840 1886 Tum
875 1853 1076 1897 patriarcha
1105 1856 1376 1898 praesentibus,
1411 1855 1557 1890 Nescire
1588 1867 1642 1897 se,
1677 1857 1766 1902 quid

345 1899 418 1932 sibi
441 1899 550 1939 velit,
577 1899 675 1943 quod
699 1898 912 1941 domesticus
937 1900 982 1932 ad
1007 1899 1181 1932 iudicium
1205 1901 1388 1935 condicat:
1414 1907 1475 1935 aut
1499 1913 1568 1948 qua
1590 1913 1628 1935 re
1652 1903 1764 1935 confi-

347 1956 424 1985 sus,
459 1946 644 1989 episcopos
668 1943 756 1978 adeo
781 1956 844 1977 suo
872 1946 1031 1988 ipsorum
1055 1945 1189 1979 iudicio
1215 1947 1285 1979 iam
1315 1944 1517 1988 damnatos,
1551 1945 1597 1980 ad
1623 1959 1765 1981 causam

346 1990 535 2023 dicendam
558 2001 762 2023 occursuros
786 1992 992 2035 promittat,
1018 1992 1090 2024 nisi
1114 1993 1198 2025 novi
1222 1994 1405 2037 quippiam
1432 1994 1635 2027 fabricetur.
1683 1995 1765 2028 Pars

343 2035 562 2080 respondere
577 2062 585 2077 ‚
609 2036 662 2069 Ne
686 2047 723 2069 se
748 2036 894 2081 quidem
918 2039 1140 2082 prospicere,
1166 2046 1333 2083 quorsum
1358 2045 1435 2074 eat:
1458 2051 1560 2085 pars,
1584 2046 1622 2073 se
1645 2041 1765 2084 suspi-

346 2083 439 2122 cari,
461 2081 558 2115 haud
583 2083 638 2115 illi
667 2093 741 2114 rem
767 2092 845 2114 vere
871 2084 1071 2116 nuntiatam
1096 2094 1193 2117 esse:
1231 2084 1294 2118 sed
1318 2086 1422 2119 variis
1454 2085 1676 2131 assiduisque
1699 2097 1766 2118 ne-

343 2128 452 2172 gotiis
481 2133 516 2160 et
546 2129 638 2161 curis
661 2127 981 2169 circumfluentem,
1017 2140 1107 2175 quae
1131 2129 1312 2171 audisset,
1345 2131 1537 2177 diligenter
1561 2133 1764 2165 examinare

343 2184 389 2205 ac
409 2173 632 2218 perpendere
656 2178 728 2206 n'on
751 2175 922 2218 potuisse,
968 2174 1094 2221 Neque
1119 2177 1214 2208 euim
1238 2176 1426 2221 probabile
1449 2188 1630 2222 apparere,
1654 2179 1683 2211 si
1703 2189 1762 2210 ac-

345 2220 521 2263 cepisset,
549 2218 727 2264 quomodo
752 2220 884 2252 nullam
910 2221 1129 2264 patriarchae
1155 2223 1316 2268 culpam,
1349 2224 1411 2257 sed
1433 2224 1636 2257 mandatum
1662 2224 1764 2257 dum-

344 2269 445 2298 taxat
476 2265 697 2308 imperatoris
729 2266 1004 2310 praetendentes
1039 2268 1224 2308 venerint,
1256 2279 1407 2314 eumque
1439 2281 1503 2314 per
1539 2280 1576 2302 se
1605 2281 1625 2301 a
1660 2280 1762 2314 grege

345 2311 470 2344 contr'a
492 2322 596 2344 omne
622 2312 678 2344 ius
703 2317 739 2344 et
765 2311 816 2344 fas
840 2312 1025 2357 abegerint
1052 2316 1088 2346 et
1111 2317 1184 2347 no'n
1207 2325 1325 2353 secus,
1350 2326 1457 2361 quam
1485 2314 1662 2348 dirissimo
1684 2326 1762 2348 sce-

343 2356 420 2389 lere
443 2361 624 2397 notatum,
660 2358 698 2390 in
721 2368 893 2391 carcerem
918 2359 1163 2392 condiderint:
1192 2360 1267 2393 <sibi
1292 2365 1411 2393 autem
1433 2362 1472 2394 in
1494 2361 1678 2394 ecclesiam
1697 2372 1764 2393 au·-

345 2402 546 2435 ctoritatem
566 2404 780 2447 arrogarint3
805 2409 841 2436 et
865 2416 942 2438 cum
961 2411 1079 2438 essent
1096 2406 1164 2450 ipsi
1182 2406 1410 2439 iniustissimi
1427 2411 1533 2452 atque
1554 2407 1761 2446 avarissimi,

343 2449 518 2492 populum
547 2449 716 2492 perfricta
738 2450 856 2482 fronte
881 2450 925 2483 de
949 2454 1080 2486 virtute
1106 2451 1311 2485 docuerint:
1349 2452 1437 2498 quin
1463 2453 1569 2485 etiam
1594 2452 1640 2485 ob
1665 2453 1761 2495 rapi-

343 2504 408 2526 nas
432 2505 511 2526 suas
536 2494 647 2538 gloria
671 2505 707 2526 se
732 2500 767 2528 et
788 2496 1054 2540 praedicatione
1078 2498 1284 2537 extulerint,
1309 2498 1397 2531 tales
1420 2499 1459 2531 in
1483 2497 1656 2530 iudicium
1673 2510 1761 2533 ven-

343 2545 442 2572 turos
466 2540 719 2584 promissurum
746 2552 786 2573 ac
818 2553 891 2575 non
915 2543 1035 2587 potius
1067 2544 1184 2587 ipsum
1211 2543 1377 2577 omnibus
1408 2544 1506 2588 prius
1533 2544 1675 2577 calculis
1700 2555 1761 2577 eos

344 2585 661 2618 condemnaturum
686 2586 806 2620 fuisse.
854 2588 1005 2633 Excepit
1028 2588 1245 2634 patriarcha,
1284 2586 1386 2623 Haud
1414 2589 1566 2625 absurde
1599 2590 1758 2631 locutos3

344 2643 380 2663 se
405 2630 521 2664 nihilo
554 2632 670 2664 minus
693 2633 853 2666 nondum
876 2634 1028 2675 adduci,
1057 2640 1097 2668 ut
1122 2634 1260 2675 credat,
1292 2636 1342 2668 ita
1365 2646 1402 2669 se
1429 2646 1502 2669 rem
1522 2634 1672 2669 habere.-
1697 2636 1760 2669 sed

343 2676 445 2710 illum
470 2678 668 2712 cumulatae
693 2678 902 2723 prudentiae
926 2682 1039 2716 virum
1054 2706 1063 2722 ,
1098 2681 1195 2726 quod
1219 2681 1333 2716 sciant
1360 2692 1505 2724 omnes,
1531 2681 1668 2727 aliquid
1696 2692 1758 2715 ex-
