1832 3138
262 115 277 148 1
297 96 365 151 28
792 106 1165 149 CANTAcozENJ

48 217 130 255 ΑΕ.
152 219 232 253 1321
250 229 371 270 γουσι
400 214 593 266 πονηροῖς
631 209 705 250 καί
737 207 939 264 χαίρουσι
967 212 1058 259 τοῖς
1099 213 1240 259 κακοῖς
1277 207 1385 266 πρὸς
1418 209 1493 254 τὸν
1527 208 1709 267 πόλεμόν

246 279 434 333 πεισθῇς,
458 273 536 317 τὸν
556 271 673 315 πάντ’
707 272 928 329 ἐφορῶντα
956 271 1062 316 θεὸν
1096 272 1171 315 καί
1191 279 1279 323 τοῖς
1305 275 1605 331 πραττομένοις
1626 276 1710 318 πιῗ.

247 359 314 385 σιν
343 339 549 394 ἐπάγοντα
579 338 697 393 δίκην
725 331 913 391 ὅμνυμέν
941 354 1032 392 σοι,
1062 335 1120 388 ὥς
1146 334 1173 394 ἢ
1199 337 1448 393 πεσούμεθα
1475 337 1711 394 μαχόμενοι

251 406 414 458 πάντες,
444 401 471 459 ἢ
500 402 724 459 ποιήσομεν
743 405 984 460 καταφανὲς
1013 402 1146 460 ἔργοις
1167 400 1325 457 αὐτοῖς,
1351 401 1410 454 ὥς
1429 404 1585 447 δίκαιοι
1604 400 1711 461 ἦμεν

141 482 184 517 V,
198 482 241 516 65
257 471 354 527 περὶ
383 468 549 526 εἰρήνης
575 469 874 526 πρεσβεύοντες
900 470 1208 512 εἰσακούεσθαι.
1234 467 1326 512 τότε
1345 468 1426 527 γὰρ
1459 468 1588 520 αὖτός
1607 463 1736 526 πρε-5

251 535 443 592 σβεύσεις
471 533 576 591 πρὸς
598 532 708 590 ἡμᾶς
720 569 733 589 ,
762 531 828 577 ὅτε
843 535 884 577 εἰ
901 536 1010 590 μηδὲ
1035 533 1111 589 τὴν
1133 530 1271 591 ἀρχὴν
1297 533 1448 585 ἐκίνεις
1470 533 1579 592 πρὸς
1596 535 1712 593 ἡμᾶς

253 603 327 645 τὸν
358 602 537 654 πόλεμον
563 599 728 654 βέλτιον
755 606 932 656 κρινεῖς.
972 598 1035 644 ἔτι
1063 601 1109 642 δὲ
1137 601 1223 656 μὴν
1249 601 1346 656 μήτ’
1375 595 1710 655 οἴκοθόνάὔτὸς,

207 680 240 716 1)
253 666 357 723 μήτε
387 670 491 722 παρ’
520 662 675 721 ἑτέρων
697 663 863 708 οἷκούων
891 666 1084 722 πεισθῇς,
1113 664 1173 715 ὥς
1196 660 1225 721 ἢ
1249 664 1402 722 δώροις
1427 663 1503 708 καὶ
1524 665 1715 720 ὑποσχέ-

255 749 372 775 σεσιν
399 728 427 787 ἢ
454 731 647 786 ἐκπλήξει
674 745 720 772 τε
762 729 834 774 καὶ
869 729 1006 788 δειλίᾳ
1046 725 1075 784 ἢ
1102 727 1232 789 ἑτέρῳ
1262 731 1348 773 τινὶ
1372 730 1512 789 τρόπῳ
1538 725 1567 787 ἢ
1594 745 1715 788 περι-

251 797 344 855 νοία
372 796 489 846 τινὰς
514 793 635 851 ἡμῶν
663 794 942 852 παρασπάσαι
968 794 1044 837 καί
1069 796 1147 838 τοῦ
1175 797 1272 838 νέου
1296 797 1505 851 βασιλέως
1528 796 1766 852 &amq-¹0

254 879 327 905 σαι
356 861 513 918 δυνήσῃ
530 896 540 907 .
591 857 718 907 mirol
741 858 822 917 γὰρ
852 860 975 916 ἡμεῖς
1003 859 1111 917 οἷρὰς
1138 859 1396 917 ἤρασοὶμεθα
1422 863 1522 904 καθ’
1551 859 1714 904 ἑαυτῶν

253 927 332 977 τὰς
349 926 744 981 παλαμναιοτάτας,
772 921 802 983 ἧ
819 926 904 983 μὴν
923 929 1117 981 ἐμμενεῖν
1147 931 1235 976 τοῖς
1263 923 1582 981 ὄμωμοσμένοις
1609 921 1716 982 ἄχρι

256 993 445 1036 θανάτου
487 994 563 1035 καί
602 990 660 1047 μὴ
703 991 1020 1047 οἷποστήσεσθαι
1063 994 1141 1034 τοῦ
1182 994 1278 1035 νέου
1306 992 1540 1046 βασιλέως,
1583 987 1614 1049 ἢ
1638 990 1714 1035 τὸν

255 1059 379 1103 τοῦτο
409 1057 617 1115 δράσοντα
645 1059 871 1112 ἐνέχεσθαι
897 1063 989 1107 ταῖς
1014 1057 1157 1114 ἀραῖς.
1207 1056 1269 1107 ὥς
1297 1052 1372 1100 οὖν
1410 1053 1522 1100 οὕτω
1546 1055 1715 1113 γνώμης

257 1124 379 1179 ἡμῶν
407 1125 609 1177 ἐχόντων,
638 1122 711 1165 καί
736 1120 870 1166 αὐτόν
898 1138 945 1165 σε
974 1122 1048 1165 καί
1071 1121 1303 1178 βούλεσθαι
1335 1123 1408 1164 καί
1434 1120 1635 1178 πράττειν
1660 1118 1768 1164 τοὶιό

259 1190 408 1232 δέοντα
430 1190 754 1245 παρακαλοῦμεν
780 1186 854 1230 καί
877 1186 937 1243 μή
957 1192 1050 1237 ταῖς
1077 1186 1136 1243 μὴ
1158 1183 1306 1238 οὔσαις
1326 1185 1544 1238 ὑπονοίαις
1563 1187 1720 1239 ἑξαπα-

262 1257 441 1310 τηθέντα
483 1254 647 1310 πρᾶξαί
667 1269 710 1297 τι
746 1254 829 1296 τῶν
868 1254 914 1297 ἐν
941 1253 1105 1311 ὑστέρῳ
1146 1253 1379 1308 μετάμελον
1419 1251 1720 1310 παρασχησόν-

262 1322 389 1363 των.”
449 1321 630 1363 Τοιαῦτα
672 1319 779 1375 πρὸς
820 1322 998 1374 βασιλέα
1039 1317 1113 1362 τὸν
1140 1320 1422 1376 πρεσβύτερον
1451 1317 1492 1362 οἷ
1518 1319 1592 1375 τῆς
1617 1333 1721 1373 συγῡ

163 1383 420 1442 Ρ.81κλὴτου
450 1383 600 1434 πάντες
627 1384 701 1427 καί
730 1385 769 1427 οῖ
795 1388 872 1441 τῆς
898 1386 1101 1441 στρατιᾶς
1139 1382 1338 1440 ἡγεμόνες
1376 1384 1598 1441 ἐγγράφως
1626 1384 1721 1426 δια-

264 1450 645 1507 πρεσβευσάμενοι,
688 1446 777 1493 εἶτα
815 1453 889 1494 καὶ
923 1450 1193 1507 ὖπογραφαῖς
1236 1452 1409 1500 οἰκείαις
1434 1451 1490 1493 ἵν’
1513 1445 1545 1507 ᾗ
1572 1446 1776 1492 marinae

266 1515 646 1570 ἓπιβεβαιοόσαντες
672 1514 717 1559 τὸ
744 1514 944 1573 γράμμα,
991 1518 1065 1559 καί
1097 1515 1490 1573 ἑγχειρισαντεςὶτῷ
1517 1515 1721 1572 εἰρημένῳ

267 1582 580 1638 Καλοχαιρέτῃ,
610 1583 846 1635 πέμπουσιν
873 1583 932 1631 εἰς
959 1582 1197 1631 Βυζάντιον
1222 1580 1327 1638 πρὸς
1352 1582 1541 1636 βασιλέα.
1572 1579 1724 1636 ἀφικο-

267 1646 396 1702 μένου
425 1644 530 1702 πρὸς
557 1645 608 1688 τὰ
636 1647 828 1699 βασίλεια
859 1648 899 1688 δ’
927 1644 1083 1700 aizoo,
1115 1647 1249 1702 θροῦς
1274 1641 1388 1702 ἤρθη
1416 1645 1534 1702 παρὰ
1561 1643 1726 1691 πάντων

270 1712 344 1755 καί
364 1710 443 1766 βοή
473 1710 711 1767 συμμιγὴς,
756 1709 813 1762 ὥς
840 1712 1137 1767 Παλαιολόγος
1166 1710 1190 1754 ὅ
1218 1713 1294 1754 τοῦ
1328 1712 1536 1770 βασιλέως
1564 1708 1726 1766 ἔγγονος

270 1790 368 1824 flicta
397 1790 552 1824 aliorum
577 1790 725 1823 fortuna
749 1790 1016 1824 exsultantibus
1044 1802 1168 1825 aurem
1195 1789 1439 1832 commodans,
1470 1788 1516 1823 ad
1541 1800 1638 1824 arma
1660 1787 1727 1823 de-

272 1835 478 1876 scenderis,
513 1846 578 1880 per
617 1837 738 1870 omnia
771 1838 1080 1881 contemplantem
1111 1843 1149 1871 et
1181 1838 1342 1871 actiones
1368 1836 1558 1870 hominum
1585 1835 1726 1871 diiudi-

273 1889 413 1916 cantem
438 1882 555 1915 Deum
580 1883 735 1916 iuratum
761 1888 838 1917 esto
853 1908 863 1923 ,
888 1895 953 1916 nos
978 1889 1041 1917 aut
1063 1885 1103 1917 in
1126 1884 1273 1929 proelio¹
1294 1884 1417 1917 omnes
1443 1881 1638 1928 pugnando
1663 1892 1727 1915 oc-

275 1930 482 1969 cubitum,
508 1935 571 1962 aut
594 1929 697 1962 factis
723 1929 810 1975 ipsis
836 1930 1095 1971 declaraturos,
1121 1930 1248 1974 dignos
1271 1929 1405 1971 fuisse,
1427 1930 1491 1975 qui
1514 1938 1639 1974 pacem
1663 1939 1727 1961 ro-

274 1975 432 2021 gitantes
459 1975 721 2009 exaudiremur.
773 1976 867 2008 Tum
895 1981 936 2009 tu
961 1978 1040 2021 ipse
1072 1976 1118 2009 ad
1142 1987 1207 2009 nos
1232 1977 1369 2020 legatos
1405 1976 1552 2016 mittes,
1579 1974 1725 2021 qnando

274 2022 504 2069 praestitisse
531 2021 738 2062 iudicabis,
764 2022 794 2054 si
820 2021 918 2055 bello
943 2034 964 2055 a
989 2023 1171 2067 principio
1197 2020 1448 2059 abstinuisses.
1494 2021 1542 2055 At
1564 2020 1634 2054 hoe
1657 2031 1725 2054 ne·

279 2080 350 2114 quc
376 2079 441 2112 per
465 2072 501 2101 te
537 2068 636 2113 ipse,
675 2079 794 2113 neque
819 2069 902 2102 aliis
936 2068 1167 2102 narrantibus
1197 2069 1357 2101 animum
1382 2066 1533 2101 inducas
1558 2067 1729 2108 credere,

278 2119 342 2146 aut
368 2114 474 2146 donis
501 2125 541 2146 ac
564 2114 763 2159 promissis,
790 2119 852 2148 aut
864 2120 999 2148 terrore
1025 2126 1067 2148 ac
1090 2115 1233 2155 timore,
1258 2119 1320 2148 aut
1347 2113 1478 2147 callida
1502 2113 1643 2155 fraude,
1664 2118 1730 2147 aut

278 2161 351 2194 alia
378 2158 530 2205 quadam
565 2161 624 2193 via
676 2160 824 2193 uosdam
857 2160 903 2194 de
934 2161 1041 2194 nobis
1079 2172 1186 2206 posse
1209 2165 1246 2194 te
1270 2172 1291 2195 a
1323 2165 1458 2204 nepote
1487 2164 1552 2194 tuo
1577 2159 1624 2193 ad
1647 2165 1729 2193 tuas

278 2211 398 2252 partes
422 2206 604 2249 pellicere.
696 2207 790 2239 alam
813 2208 911 2240 enim
930 2213 1068 2252 pestem
1091 2207 1271 2252 capitibus
1294 2207 1429 2240 nostris
1453 2207 1642 2251 imprecati
1668 2217 1731 2239 su-

279 2263 358 2286 mus
374 2277 383 2292 ,
408 2252 447 2285 ni
463 2277 473 2293 ,
509 2263 602 2297 quae
627 2253 843 2294 iuravimus,
880 2264 995 2299 usque
1031 2254 1077 2287 ad
1106 2260 1307 2288 extremum
1331 2253 1500 2299 spiritum
1524 2262 1730 2294 servemus,

283 2305 322 2332 et
348 2298 391 2330 ab
419 2298 561 2334 iuniore
583 2299 801 2343 imperatore
829 2305 987 2341 stemus,
1020 2311 1060 2333 ac
1085 2306 1127 2333 ut
1150 2301 1214 2346 qui
1238 2310 1338 2333 secus
1376 2303 1458 2345 aget
1497 2298 1729 2345 imprecatio-

282 2345 392 2380 nibus
419 2344 599 2390 obligatus
627 2350 804 2379 teneatur.
852 2347 980 2392 Itaque
1005 2357 1086 2380 cum
1111 2347 1151 2380 hi
1179 2346 1253 2379 sint
1275 2346 1391 2380 nostri
1415 2355 1564 2386 sensus,
1600 2355 1729 2390 preca-

283 2402 364 2425 mur
379 2416 388 2431 ,
416 2396 458 2432 ut
482 2392 560 2436 ipse
585 2403 656 2438 quo
686 2403 731 2424 ue
755 2398 831 2425 tum
855 2393 1076 2426 consulendo
1091 2418 1101 2435 ,
1125 2397 1201 2426 tum
1226 2391 1393 2426 faciendo
1419 2396 1597 2436 praestes,
1635 2401 1730 2436 qnae

289 2437 409 2471 officio
436 2442 498 2470 tuo
523 2404 764 2482 respomient:
814 2444 850 2472 et
884 2450 930 2472 ne
961 2441 1061 2473 inani
1097 2439 1303 2484 suspicione
1329 2437 1475 2471 delusus
1501 2437 1730 2479 committas,

290 2484 394 2517 cuius
417 2488 454 2517 te
487 2484 527 2517 in
561 2485 722 2517 futurum
757 2485 958 2530 poeniteat.
1017 2486 1115 2519 Haec
1134 2497 1199 2531 per
1235 2484 1423 2530 epistolam
1448 2495 1469 2517 a
1491 2485 1634 2517 seniore
1660 2484 1732 2517 im-

289 2535 457 2575 peratore
479 2541 669 2575 procerum
695 2537 839 2564 senatus
871 2532 986 2564 omnis
1021 2537 1058 2565 et
1082 2531 1189 2565 duces
1213 2532 1441 2576 petiverunt3
1484 2541 1629 2575 quoque
1653 2541 1732 2563 ma-

290 2573 351 2611 ior*
372 2575 460 2610 fides
487 2577 605 2615 fieret,
632 2588 739 2609 manu
764 2589 827 2610 sua
854 2579 1007 2624 quisque
1034 2579 1341 2623 subscripserunt,
1366 2587 1520 2622 eamque
1534 2575 1733 2609 Calochae-

290 2629 401 2662 rotae,
426 2634 531 2668 quem
556 2622 725 2664 diximus,
748 2624 957 2667 Byzantium
982 2624 1168 2658 ferendam
1193 2622 1431 2658 tradiderunt.
1458 2623 1509 2656 Eo
1535 2622 1654 2655 aulam
1671 2622 1731 2655 in·-

290 2673 469 2716 trogresso
483 2693 497 2710 ,
522 2669 699 2705 tumultus
726 2675 762 2704 et
787 2670 952 2705 dissonus
981 2672 1115 2705 clamor
1140 2670 1311 2704 exsistere
1334 2669 1380 2703 ab
1406 2669 1532 2703 aulicis
1551 2667 1732 2703 omnibus:
