1852 3146
303 116 411 171 228
798 105 1167 170 CANTACU'ZENI

110 239 194 278 ΑΒ.
211 241 295 285 1327
307 235 424 276 τοῦτο
450 222 528 285 μὲν
553 228 627 286 τὴν
649 229 835 271 ἐναντίαν
862 222 888 284 ᾗ
914 221 1115 284 προσῆκεν
1143 225 1281 282 εἴληχε
1307 224 1443 280 τάξιν,
1480 224 1552 268 καὶ
1570 223 1623 268 τὰ
1641 225 1726 280 1133·

305 297 487 352 ἡμέτερα
513 293 615 350 ἔργα
641 296 715 347 τῆς
739 287 944 346 βασιλέως
972 290 1188 347 ἐξερρύηκε
1213 292 1376 346 μνήμης
1399 291 1631 339 παντελῶς·
1664 285 1727 347 οἷς

309 363 354 402 δὲ
383 358 500 414 ἔργον
527 358 728 411 ἐπιμελὲς,
755 357 866 412 ἡμᾶς
894 354 1086 411 ἀλλήλοις
1114 355 1422 409 διαβάλλοντας,
1449 358 1500 412 τῇ
1521 355 1632 412 κοινῇ
1654 358 1729 396 λυ-

273 424 531 478 Βμαίνεσθαι
553 420 768 475 Ῥωμαίων
795 422 1062 478 εὐδαιμονίᾳ,
1104 426 1191 468 τοῖς
1217 418 1352 474 λόγοις
1378 417 1741 476 κατάκραςὲάλω,
1783 471 1785 473 ‚

304 489 352 530 τί
369 487 510 529 λοιπὸν
535 483 564 542 ἢ
606 484 771 542 σφόδρα
796 488 875 539 μὲν
903 486 1081 540 ἀλγῆσαι
1108 487 1176 540 ἐφ’
1217 481 1277 533 οἷς
1304 487 1401 540 παρ’
1429 484 1550 534 ἀξίαν
1573 481 1754 538 ἇτυχῶῤ

306 550 546 606 συγγνώμην
584 552 630 593 δὲ
667 548 770 606 πρὸς
804 548 961 605 πατρὸς
997 549 1069 591 καί
1091 551 1172 591 τῶν
1202 549 1406 602 διαβολῶν
1425 549 1551 602 ἓνεκα
1576 549 1731 605 αἰτεῖν,

306 611 347 671 ἢ,
377 616 422 658 τό
445 631 489 670 γε
518 613 722 670 δεύτερον,
749 612 930 668 βάσανον
952 616 1024 656 καί
1044 613 1158 669 δίκην
1185 614 1252 669 ἐφ’
1274 609 1335 661 οἷς
1362 612 1513 662 οἷδύιως
1538 612 1736 668 ἐγκαλοῦ-

307 698 410 734 μαι,-
449 678 472 721 ὃ
500 679 550 735 δὴ
580 679 652 720 καί
677 681 883 721 διετέλεσα
922 681 1072 731 ποιῶν,
1102 680 1160 727 εἰς
1186 675 1404 733 ἑξηκοστὴν
1429 678 1549 732 τήνδε
1569 676 1734 733 ’ἡμέραν

300 742 336 801 ἢ
365 744 437 786 καί
459 747 618 798 μᾶλλον
645 741 874 800 ὑπαίθριος
910 745 1184 798 ταλαιπωρῶν
1226 740 1330 794 μετὰ
1367 740 1546 784 τουτωνὶ
1571 740 1737 796 πᾶντῳν

309 804 368 852 ὧν
396 805 496 864 ἄγω,
524 812 568 852 ἐν
593 806 680 866 (ὅρα
706 808 886 862 μάλιστα
902 811 1128 863 χειμῶνος,
1156 807 1341 863 καθάπερ
1372 805 1422 863 δὴ
1449 806 1538 850 ἴστε
1564 804 1790 849 nal-affluo

309 875 386 916 τοί.
414 871 465 929 ἦν
491 874 569 926 μὲν
596 868 671 915 οὖν
699 872 921 928 κράτιστον,
951 873 1021 914 ἐπὶ
1044 875 1248 926 βασιλέως
1276 873 1422 925 adrev,
1448 871 1647 927 παρόντος
1665 870 1739 913 καὶ

309 937 568 994 πατριάρχου
598 938 670 980 καί
694 938 768 979 τοῦ
795 939 931 978 κοινοῦ
959 938 1041 978 τῶν
1070 938 1286 990 Ῥωμαίων
1314 934 1488 989 παντὸς,
1528 938 1738 978 ποιεῖσθαι

270 1002 386 1053 cwig
414 1001 660 1056 ἀπολογίας,
697 1004 749 1044 ἵν’
778 997 805 1057 ἢ
832 1001 1048 1057 διαφυγών
1075 1000 1149 1051 τοὶς
1177 1002 1337 1054 αἰτίας,
1365 1003 1468 1042 πᾶσι
1493 998 1737 1055 καταστῆσαι

314 1069 518 1124 ἐμφανὲς,
561 1067 618 1115 ὥς
644 1064 866 1120 βιαιότατα
895 1069 967 1108 καί
994 1062 1116 1108 ἄδικα
1153 1066 1233 1108 ὑπὸ
1262 1068 1341 1108 τῶν
1363 1063 1739 1122 Υσυκοφαντούντων

314 1134 533 1185 ὑπομένω,
560 1129 587 1186 ἢ
616 1130 741 1179 ἁλοὺς
768 1137 859 1181 ταῖς
885 1127 1077 1173 ἁπάντων
1103 1129 1274 1187 ψήφοις
1291 1132 1458 1184 ἀδικῶν,
1490 1130 1638 1186 μηκέτι
1664 1127 1793 1172 δύ-ῐό

317 1212 452 1250 νωμαι
478 1193 579 1252 πρὸς
607 1194 814 1249 ἄναβολὰς
840 1202 993 1250 χωρεῖν
1019 1197 1120 1250 μηδ’
1143 1194 1286 1251 ἔφεσιν
1315 1197 1469 1250 ζητεῖν,
1507 1194 1563 1245 ὥς
1586 1189 1615 1250 ἢ
1640 1192 1742 1250 πρὸς

316 1260 441 1315 χάριν
480 1256 507 1314 ἢ
544 1259 644 1315 πρὸς
682 1259 932 1315 φιλονεικίαν
965 1257 1046 1300 ὑπὸ
1087 1261 1170 1301 τῶν
1209 1260 1461 1302 δικασάντων
1502 1270 1743 1316 καταψηφι-

318 1323 452 1376 σθειῗς,
493 1322 597 1365 οἷλλὰ
624 1322 698 1378 τὴν
722 1323 840 1374 ἀξίαν
872 1322 986 1378 δίκην
1014 1324 1097 1365 διδ.
1149 1323 1289 1378 ἐπειδὴ
1319 1325 1365 1366 δὲ
1393 1321 1498 1365 οὕτω
1527 1325 1612 1366 δεῖν
1638 1321 1745 1366 εἶναι

318 1390 498 1444 κέκρικεν
523 1387 546 1429 ὅ
571 1385 779 1441 βασιλεῦς,
805 1387 984 1442 χάριτας
1010 1389 1087 1440 μὲν
1109 1386 1262 1437 πολλάς
1288 1388 1473 1441 ὁμολογῶ
1494 1389 1553 1445 τῷ
1578 1386 1746 1430 πάντων

318 1451 579 1507 βασιλεύοντι
604 1455 702 1509 θεῷ,
731 1450 796 1493 ὅτι
823 1451 968 1508 καιρὸν
995 1454 1200 1509 παρέσχεν
1230 1453 1475 1513 ἄπολογιας,
1514 1449 1564 1494 οὗ
1563 1470 1596 1509 χ
1621 1447 1798 1508 ἧττονασ

322 1519 367 1559 δὲ
390 1522 559 1573 βασιλεῖ
578 1533 621 1559 τε
649 1516 721 1558 καί
742 1517 977 1574 πατριάρχῃ
996 1550 1009 1570 ,
1053 1519 1107 1574 τῷ
1130 1519 1207 1570 μὲν
1234 1514 1522 1572 πείσαντιτὴν
1549 1517 1746 1573 ἐξέτασιν,

322 1584 379 1640 τῷ
407 1583 454 1624 δὲ
489 1583 724 1623 πεισθέντι·
779 1576 851 1623 καὶ
875 1580 972 1635 ὑμῖν
999 1587 1085 1631 τοῖς
1120 1579 1362 1637 ἀφιγμένοις
1412 1584 1528 1623 ἕνεκα
1565 1583 1647 1624 τῶν
1673 1582 1748 1624 πό-

287 1657 434 1691 Βενων.
461 1647 609 1699 δέομαι
637 1647 682 1688 δὲ
709 1645 850 1700 ὑμῶν,
876 1645 936 1702 μὴ
965 1646 1021 1696 ὥς
1046 1649 1218 1701 βασιλεῖ
1236 1661 1312 1700 μοι
1338 1648 1554 1703 προσέχειν
1579 1647 1649 1689 ἐπὶ
1675 1649 1749 1703 τῆς

329 1770 413 1815 quia
436 1768 524 1803 haec
546 1780 658 1810 secus,
681 1781 786 1815 quam
805 1768 950 1815 dignum
979 1770 1060 1811 fuit,
1091 1775 1286 1805 evenerunt
1301 1795 1310 1812 ,
1336 1781 1498 1850 {uaeque
1530 1770 1679 1805 fecimus
1704 1781 1750 1803 ex

329 1818 448 1848 animo
469 1817 525 1848 avi
551 1817 694 1859 penitus
715 1816 950 1858 effluxerunt3
979 1827 1131 1862 quorum
1157 1815 1277 1850 autem
1297 1818 1333 1849 in
1362 1817 1471 1850 ustria
1489 1817 1528 1849 in
1554 1828 1596 1850 eo
1616 1827 1748 1850 consu-

330 1862 450 1901 mitur,
479 1867 518 1894 ut
540 1862 688 1895 alterum
703 1868 863 1895 nostrum
893 1863 987 1907 apud
1009 1864 1162 1896 alterum
1186 1863 1224 1895 in
1245 1862 1419 1895 invidiam
1448 1862 1607 1896 vocando
1650 1867 1749 1896 com-

331 1908 431 1941 muni
458 1909 690 1941 Romanorum
714 1908 879 1940 felicitati
897 1910 1093 1952 perniciem
1119 1913 1267 1948 struant,
1296 1919 1416 1941 eorum
1433 1908 1630 1941 mendaciis
1647 1919 1750 1952 pror-f

330 1964 388 1985 sus
413 1954 571 1986 irretitus
594 1959 662 1995 est3
686 1954 774 1997 quid
797 1954 1079 1998 relinquebatur,
1105 1955 1176 1987 nisi
1193 1959 1233 1987 ut
1251 1955 1309 1986 vel
1329 1955 1451 1999 angori
1481 1965 1536 1987 me
1565 1952 1751 1995 dederem,

328 2000 369 2031 in
395 1999 573 2031 miseriam
598 2000 774 2032 immerito
806 2010 884 2032 meo
904 2001 1171 2045 praecipitatus,
1193 2000 1407 2045 veniamque
1429 2010 1449 2031 a
1477 2005 1600 2044 patre,
1625 2003 1751 2046 quamss

329 2056 436 2089 quam
453 2046 557 2077 meris
572 2045 757 2077 calumniis
777 2051 1011 2089 oppugnatus,
1032 2052 1189 2090 peterem
1203 2043 1218 2077 ?
1241 2050 1302 2078 aut
1315 2051 1410 2078 certe
1425 2050 1571 2089 propter
1588 2055 1640 2086 ea,
1660 2056 1751 2091 quae

327 2090 420 2122 mihi
445 2090 535 2122 falso
568 2091 795 2133 affinguntur,
828 2102 975 2124 examen
1008 2103 1048 2125 ac
1076 2089 1275 2124 iudicium?
1299 2089 1407 2135 Quod
1428 2092 1533 2123 etiam
1554 2091 1645 2130 feci,
1677 2093 1751 2123 iam

327 2136 408 2180 plus
432 2137 684 2179 ,sexagesimum
712 2135 807 2168 diem
825 2137 889 2169 sub
911 2137 970 2170 dio
996 2149 1075 2171 cum
1103 2137 1160 2170 his
1186 2136 1361 2177 omnihus,
1381 2148 1469 2182 quos
1493 2136 1601 2177 duco,
1626 2135 1752 2169 hiber'-

331 2182 388 2214 nis
414 2182 594 2214 mensibus
616 2181 837 2215 incommoda
858 2183 1061 2226 perferens,
1088 2181 1185 2228 quod
1205 2193 1272 2215 nec
1301 2193 1362 2214 vos
1391 2183 1548 2215 nescitis.
1610 2182 1753 2215 Fuisset

334 2227 507 2271 optimum
525 2252 533 2267 ,
559 2227 774 2271 imperatore
787 2252 796 2268 ,
825 2228 1024 2271 patriarcha
1047 2233 1196 2273 totoque
1214 2229 1368 2261 Romano
1387 2229 1521 2272 populo
1549 2228 1752 2273 praesenti-

334 2273 414 2312 bus,
439 2272 684 2306 defensionem
702 2284 880 2317 peragere,
905 2279 945 2306 ut
967 2275 1024 2307 vel
1041 2274 1224 2307 absolutus
1243 2273 1458 2307 declararem
1484 2274 1661 2314 omnibus,
1694 2284 1752 2307 me

337 2318 382 2351 ab
406 2319 483 2351 istis
508 2318 734 2362 sycophantis
755 2319 1001 2364 indignissime
1023 2320 1167 2362 violari3
1191 2319 1249 2352 vel
1270 2320 1412 2352 sceleris
1430 2320 1589 2352 omnium
1609 2319 1753 2353 calculis

337 2363 614 2404 condemnatus,
644 2376 718 2396 non
742 2365 835 2398 ultra
858 2366 1124 2409 ampliationem
1148 2376 1352 2411 quaererem
1376 2377 1494 2412 neque
1514 2375 1754 2410 provocarem,

338 2411 442 2456 quasi
463 2423 484 2442 a
506 2410 685 2442 iudicibus
706 2416 768 2443 aut
787 2410 832 2443 ad
857 2413 1003 2455 gratiam
1031 2416 1093 2444 aut
1114 2423 1157 2444 ex
1186 2411 1423 2444 aemulatione
1452 2411 1654 2452 damnatus,
1691 2411 1756 2444 sed

341 2467 428 2501 quas
454 2457 738 2488 commeruissem
763 2467 895 2500 poenas
913 2458 1139 2490 sustinerem·
1182 2456 1252 2489 Sed
1271 2458 1355 2502 quia
1376 2457 1427 2490 sic
1449 2457 1621 2502 placitum
1640 2458 1757 2502 impe-

340 2502 462 2542 ratori,
486 2513 628 2545 magnas
647 2503 893 2535 universorum
912 2503 1119 2545 imperatori
1137 2503 1226 2542 Deo,
1249 2502 1311 2547 qui
1327 2502 1530 2536 defensioni
1543 2512 1643 2536 meae
1664 2502 1757 2536 hanc

341 2549 649 2592 opportunitatem
673 2547 828 2592 obtulit,
861 2558 928 2580 nec
962 2550 1079 2582 minus
1107 2549 1177 2593 ipsi
1213 2559 1276 2581 avo
1309 2554 1346 2582 et
1369 2547 1591 2592 patriarchae
1627 2549 1756 2592 gratias

342 2605 427 2638 ago:
452 2592 557 2634 huie,
581 2592 678 2638 quod
698 2599 819 2627 auctor
839 2594 927 2633 fuit,
953 2600 992 2627 ut
1020 2606 1074 2628 res
1088 2595 1126 2627 in
1140 2594 1394 2646 zinquisitione
1454 2599 1641 2636 oneretur-3
1676 2594 1759 2635 illi,

343 2638 441 2684 quod
457 2638 527 2672 sibi
549 2639 586 2672 id
612 2650 731 2683 passus
754 2644 808 2672 est
829 2640 1054 2684 persuaderi:
1084 2639 1184 2673 vobis
1203 2645 1288 2672 item
1303 2664 1313 2680 ,
1344 2639 1406 2685 qui
1454 2651 1498 2672 uc
1519 2641 1588 2673 iter
1601 2639 1758 2684 suscepi-

343 2685 406 2719 stis
420 2710 430 2726 ,
454 2684 498 2719 de
515 2683 636 2718 labore
659 2690 785 2720 vestro.
832 2684 951 2721 Velim
971 2691 1088 2719 autem
1115 2690 1272 2730 rogatos,
1295 2696 1342 2720 ne
1363 2685 1401 2722 iu
1422 2683 1491 2719 hoc
1507 2684 1644 2720 iudicio
1667 2684 1759 2720 mihi
