1832 3132
311 100 423 168 334
837 112 1207 184 CANTAcanm

116 228 298 267 A.c.1328
312 217 423 268 ὃενὸς
448 216 553 270 ἐμοῦ
577 214 955 270 παρακεκλημένον,
981 207 1146 262 εὔελπις
1167 210 1241 255 καὶ
1265 210 1366 267 πρὸς
1386 210 1438 256 τοὶ
1459 213 1650 257 λείποντα
1666 228 1738 268 γε-

268 283 529 339 ογενημένη,
572 279 784 336 προσῆλθε
810 294 855 321 τε
883 277 956 320 καὶ
987 276 1141 333 ἐδεήθη
1169 276 1268 334 περὶ
1290 279 1367 333 τῆς
1393 280 1471 320 τοῦ
1497 276 1596 321 υἱοῦ·
1622 279 1738 321 ἐλευ-

305 348 477 403 θερίας.
529 342 607 399 ε’γώ
647 345 694 387 δὲ
721 339 787 385 ὅτι
823 358 868 385 τε
896 340 1093 397 συγγενής
1120 343 1235 385 ἐστιν
1263 341 1365 395 ἐμὸς
1390 343 1649 398 ἐνθυμηθεὶς·
1669 341 1744 385 καὶ

304 410 378 466 τὴν
403 408 582 466 ἀρχαίαν
608 407 753 466 φιλίαν
780 407 853 450 καὶ
878 406 953 462 τὴν
982 408 1028 449 ἑν
1054 413 1147 457 ταῖς
1166 408 1402 464 στρατείαις
1427 407 1740 464 συνδιατριβὴν,

305 476 396 532 (ὕφ’
417 471 480 518 ἑνὶ
502 475 580 530 γάρ
607 472 858 530 καθηγεμόνι
882 474 938 531 τῷ
954 472 1141 531 ἡμετέρῳ
1167 473 1268 529 θείῳ
1295 472 1472 532 Ἀγγελῳ
1499 473 1561 531 τῷ
1574 473 1766 530 μεγάλῳό

307 537 656 597 στρατοπεδάρχῃ
684 537 738 580 τοὶ
766 539 942 592 πολέμια
966 535 1299 591 ἐδιδασκόμεθα,
1338 534 1386 587 ὃς
1410 537 1460 579 οὔ
1489 537 1618 591 μόνον
1639 536 1741 586 τούς
1797 585 1804 594 ,

305 608 380 647 νῦν
411 605 456 646 ἐν
477 610 570 653 ταῖς
598 605 867 661 στρατηγίαις
893 603 1108 659 παρήλασε
1127 604 1264 659 πολλῷ
1285 603 1345 660 τῷ
1363 603 1516 660 μέτρῳ,
1543 599 1649 645 ἀλλά
1668 603 1742 644 καὶ
1797 606 1800 607 ’

306 674 394 719 τοῖς
422 667 555 711 πάλαι
587 666 866 722 ύμνουμένοις
887 669 932 711 ἒν
966 673 1059 716 ταῖς
1082 672 1344 723 συγγραφαῖς
1365 665 1742 722 Ῥωμαίωνστρα-

306 740 443 791 τηγοῖς
467 729 609 790 ἤρισεν
635 729 687 776 ἂν
712 733 810 789 περὶ
829 736 1043 790 πρωτείων
1052 734 1086 790 ,)
1129 735 1202 774 καί
1231 732 1289 781 ὥς
1315 732 1360 774 ἐν
1392 731 1528 790 ἡμέρᾳ
1555 733 1610 789 τῇ
1634 727 1742 787 αύτῇ

264 799 518 853 υπολεμίοις
543 797 722 855 πρώτοις
750 800 940 855 (Πέρσαι
966 799 1012 839 δὲ
1040 794 1169 854 ἦσαν)
1199 795 1461 852 συνήλθομεν
1488 797 1549 846 εἰς
1571 797 1794 853 χεῖραςἾο

306 863 354 907 τὸ
375 865 422 907 δέ
443 879 495 918 με
522 863 687 907 πάντων
706 863 887 918 μάλιστα
908 868 1066 917 πεῖσαν,
1095 859 1158 904 ὅτι
1179 862 1219 903 εἶ
1240 863 1426 904 τοσαῦτα
1449 857 1527 904 ὅσα
1550 859 1742 904 σύνοιδεν

169 943 292 979 v,166
308 930 422 987 αὐτῷ
443 928 791 986 προσκεκρουκότι
815 928 1062 983 συγγνώμην
1087 925 1317 983 παράσχοις
1340 925 1483 980 αὐτὸς,
1511 924 1648 982 πάσης
1673 927 1742 968 αἷ-

305 997 399 1044 τίας
433 993 667 1047 ἀπολύσας,
707 997 958 1048 μεταβαλεῖν
991 989 1043 1036 ἂν
1074 991 1251 1046 ἐνόμισα
1286 991 1360 1034 καί
1391 991 1541 1045 αύτὰν,
1580 992 1628 1034 ἐκ
1659 992 1742 1034 τῶν

304 1059 556 1117 πραγμάτων
586 1059 725 1102 αὐτῶν
749 1059 1006 1113 διδαχθέντα
1030 1056 1128 1114 περὶ
1153 1053 1240 1100 οἷον
1262 1053 1515 1113 ἧγνωμόνει,
1563 1057 1636 1100 καί
1667 1056 1743 1099 τοῧ

304 1126 455 1167 λοιποῦ
477 1116 617 1178 μενεῖν
645 1118 792 1167 εὔνουν
821 1122 894 1166 καί
919 1122 1042 1180 φίλον
1069 1122 1232 1165 πιστόν·
1270 1122 1327 1171 ὥς
1351 1123 1542 1164 ἐντεῦθεν
1571 1120 1648 1163 δύο
1675 1119 1791 1183 ιτιῖιιό

302 1190 477 1243 μέγιστα
492 1210 497 1212 >
510 1187 800 1245 ἐξειργάσθαι,
854 1189 928 1230 σοι’
951 1202 999 1230 τε
1029 1187 1349 1244 φιλανθρωπίας
1387 1188 1459 1228 καί
1487 1183 1742 1242 ἡμερότητος

305 1253 580 1310 παρασχόντα
604 1252 802 1309 ἀφορμὴν
824 1255 899 1295 καί
923 1251 1092 1310 προσέτι
1121 1251 1331 1308 χρήσιμον
1349 1252 1395 1294 ἐν
1419 1254 1584 1301 πολλοῖς
1608 1245 1744 1306 ἄνδρα

305 1316 642 1372 προσαγαγόντα,
672 1314 718 1366 ὃς
743 1319 800 1360 δι’
822 1317 976 1360 οἰκείαν
998 1315 1291 1372 ἀγνωμοσύνην
1316 1315 1544 1369 ἀπολώλει,
1571 1318 1644 1358 καί
1664 1312 1744 1357 αὖά-

306 1385 366 1441 τῷ
387 1381 591 1438 μεγίστων
611 1380 784 1438 ἀγαθῶν
801 1383 1042 1425 αἰτιώτατον
1067 1379 1268 1439 ὀφθέντα,
1285 1379 1511 1436 ἐπειθόμην
1527 1395 1574 1423 τε
1597 1379 1744 1428 αὐτοῖς

205 1495 207 1497 ,
309 1448 530 1501 δεομένοις,
560 1448 633 1490 καί
652 1449 722 1490 σοι’
746 1446 991 1504 προσελθών
1009 1446 1107 1504 περὶ
1124 1449 1196 1502 τῆς
1218 1447 1444 1495 παντελοῦς
1469 1442 1602 1488 αὖτοῦ
1626 1447 1797 1490 ἕλευ-ιο

180 1528 217 1566 p,
234 1513 459 1568 αοῡθερίας
481 1513 731 1568 διειλέχθην.
751 1513 844 1555 ἐπεὶ
866 1508 1001 1561 ἄλλως
1020 1526 1066 1566 γε
1099 1513 1140 1553 εἰ
1162 1513 1234 1553 ἐπὶ
1257 1512 1328 1566 τῆς
1352 1509 1480 1566 αὖτῆς
1504 1508 1745 1566 μοχθηρίας

308 1576 382 1619 καὶ
406 1577 484 1618 τοῦ
505 1578 653 1619 λοιποῦ
674 1575 806 1619 αὐτὸν
827 1575 1029 1619 ὑπενόουν
1048 1580 1205 1629 μενεῖν,
1244 1575 1323 1629 οὔχ
1345 1571 1411 1616 ὅτι
1432 1590 1480 1628 γε
1498 1572 1640 1628 αὐτὸς,
1667 1575 1744 1615 ἀλ-

308 1639 362 1683 λὰ
394 1640 468 1683 καὶ
498 1638 645 1697 ἑτέρου
677 1639 927 1698 πράττοντος
963 1640 1151 1684 ἐκώλυσα
1173 1636 1226 1682 ἂν
1249 1638 1325 1695 τήν
1350 1639 1615 1695 ἐλευθερίαν.
1659 1643 1745 1688 τοῖς

405 1730 459 1764 13.
483 1729 648 1775 νομίσαν
670 1729 878 1776 legebatur-5
901 1729 973 1763 ED.
988 1730 1024 1763 P.
1048 1729 1145 1764 coni.
1165 1729 1388 1774 νομίσαντα.

309 1796 544 1831 sollicitatum
567 1808 586 1831 a
604 1793 765 1840 nemine,
789 1809 916 1843 magna
936 1807 998 1842 spe
1021 1796 1060 1830 in
1085 1797 1246 1830 futurum
1269 1794 1596 1843 quoquefsubnixa,
1621 1795 1666 1830 de
1685 1806 1745 1830 re-

309 1843 412 1889 liqua
443 1843 611 1877 libertate
649 1844 725 1878 filio
762 1844 987 1890 impetranda
1019 1854 1156 1876 mecum
1188 1844 1270 1888 egit.
1317 1843 1389 1887 Ego
1413 1853 1532 1876 meum
1555 1841 1744 1876 consobri-

311 1900 401 1923 num
426 1899 502 1923 esse
528 1891 712 1934 cogitans,
745 1890 949 1936 veterisque
973 1890 1153 1922 amicitiae
1179 1894 1217 1922 et
1243 1888 1447 1922 commilitii
1472 1899 1626 1929 memor,
1659 1888 1742 1934 (sub

312 1946 386 1968 uno
411 1936 507 1968 enim
533 1936 699 1980 magistro
725 1936 900 1970 avunculo
919 1940 1041 1969 nostro
1062 1935 1197 1981 Angelo
1219 1945 1344 1979 magno
1366 1933 1654 1979 stratopedarcha
1675 1935 1745 1967 mi·

312 1980 416 2014 litiae
447 1981 652 2015 rudimenta
681 1982 889 2028 posuimus,
932 1982 996 2027 qui
1028 1992 1102 2015 non
1135 1981 1242 2014 modo
1274 1980 1383 2014 huius
1418 1980 1545 2014 aetatis
1575 1980 1742 2014 ductores

313 2026 421 2071 longo
447 2027 636 2061 intervallo
661 2029 860 2073 superavit,
899 2028 962 2061 sed
996 2030 1105 2061 etiam
1128 2038 1207 2061 cum
1230 2027 1358 2072 priscis
1381 2028 1619 2060 Romanorum
1643 2026 1746 2060 duci-

315 2071 398 2113 bus,
422 2083 511 2117 quos
537 2074 767 2107 historiarum
791 2079 1022 2108 monumenta
1045 2074 1255 2119 loquuntur,
1278 2073 1324 2107 de
1347 2073 1466 2118 palma
1488 2072 1743 2118 contenderit,)

317 2123 353 2151 et
376 2119 415 2151 in
440 2121 647 2153 memoriam
665 2119 869 2165 regrediens
894 2131 965 2164 quo
989 2124 1091 2165 pacto
1114 2119 1243 2153 eodem
1265 2118 1325 2153 die
1348 2119 1502 2164 primum
1524 2129 1606 2152 cum
1625 2118 1744 2152 hosti-
1770 2141 1775 2145 ,

313 2163 383 2197 bus
403 2162 522 2210 (erant
544 2170 663 2199 autem
688 2166 828 2212 Persae)
852 2166 981 2210 pedem
1007 2166 1286 2209 contulerimus3
1324 2165 1494 2211 quodque
1519 2175 1577 2199 me
1601 2165 1744 2210 praeci-

314 2220 388 2255 pue
410 2211 594 2252 movebat,
619 2212 791 2252 confisus,
815 2212 847 2245 si
870 2217 942 2245 tam
969 2213 1106 2253 multa,
1138 2222 1290 2257 quorum
1314 2211 1384 2244 sibi
1408 2212 1447 2244 in
1473 2216 1509 2244 te
1534 2211 1743 2245 commisso-

315 2267 397 2289 rum
419 2261 513 2290 esset
537 2259 721 2299 conscius,
759 2259 958 2302 ignosceres
993 2263 1030 2291 et
1061 2259 1160 2291 omni
1185 2258 1334 2291 crimine
1367 2257 1587 2298 absolveres,
1625 2258 1744 2302 ipsum

317 2312 463 2348 quoque
486 2314 601 2336 mores
626 2308 869 2345 mutaturum,
901 2315 939 2337 re
966 2305 1043 2349 ipsa
1067 2304 1212 2338 doctum
1233 2303 1427 2344 videlicet,
1454 2303 1495 2336 in
1518 2292 1662 2348 qualem
1685 2304 1743 2336 vi-

315 2359 395 2381 rum
418 2348 508 2382 adeo
532 2350 767 2394 peccavisset,
803 2361 843 2383 ac
875 2349 920 2383 de
944 2356 1062 2383 cetero
1097 2351 1136 2382 in
1160 2349 1231 2383 fide
1256 2355 1294 2383 et
1315 2349 1571 2383 benevolentia
1594 2359 1744 2382 mansu-

316 2405 419 2435 rum,
447 2399 489 2427 ut
510 2394 596 2428 hinc
619 2395 690 2429 duo
715 2396 890 2441 quaedam
916 2397 1046 2429 eximia
1073 2397 1302 2438 conficerem3
1327 2400 1363 2428 et
1385 2394 1455 2429 tihi
1479 2395 1648 2427 nimirum
1671 2395 1742 2428 hu-

315 2441 498 2479 manitatis
521 2452 561 2474 ac
583 2442 868 2475 mansuetudinis
895 2442 1114 2476 exercendae
1142 2442 1365 2475 occasionem
1391 2440 1512 2474 darem
1535 2446 1743 2485 praeterea-

344 2497 389 2520 ue
411 2487 527 2520 virum
550 2486 596 2520 ad
620 2488 732 2521 multa
755 2488 926 2522 idoneum
951 2489 1198 2528 conciliarem,
1225 2499 1330 2534 quem
1355 2487 1469 2520 scelus
1493 2497 1596 2519 suum
1620 2486 1745 2532 perdi-

317 2498 441 2574 deram
465 2538 502 2566 et
515 2534 585 2578 ipsi
594 2534 827 2567 maximorum
838 2533 1015 2567 honorum
1030 2545 1183 2568 summus
1195 2539 1317 2567 auctor
1330 2532 1463 2566 fierem:
1490 2533 1588 2566 illius
1605 2538 1743 2578 rogatu,

316 2578 439 2612 matris
464 2580 610 2625 inquam
624 2604 634 2620 ‚
660 2578 705 2612 de
730 2581 806 2613 eius
829 2581 939 2624 plena
963 2581 1180 2614 liberatione
1203 2585 1241 2613 te
1257 2580 1434 2613 allocutus
1457 2589 1544 2612 sum.
1595 2578 1743 2624 Alioqui

316 2625 348 2656 si
377 2625 417 2657 in
440 2625 566 2659 eadem
590 2626 766 2670 pravitate
790 2632 1094 2670 perseveraturum
1118 2627 1313 2672 suspicatus
1339 2625 1506 2665 fuissem,
1537 2635 1610 2658 non
1635 2623 1742 2658 modo

316 2681 390 2704 non
413 2672 490 2716 ipse
511 2671 714 2707 libertatem
738 2673 772 2706 ei
795 2672 1021 2718 petivissem,
1049 2671 1112 2707 sed
1137 2673 1263 2719 quovis
1291 2671 1362 2706 alio
1397 2675 1544 2716 petente
1576 2681 1622 2705 ne
1646 2670 1740 2704 lihe-
