1832 3132
516 95 894 140 ms'romARUM
937 100 992 140 11.
1028 104 1069 144 ιι.
1428 75 1540 135 335

30 211 32 215 ’
93 199 177 258 γὰρ
201 195 405 244 εὖνοοῦσί
418 211 489 242 σοι
516 202 638 256 φίλος
663 194 771 242 εἶναι
796 196 847 241 οὗ
877 200 1037 254 μᾶλλον
1063 197 1304 257 προῄρημαι
1335 201 1381 255 ἕξ
1408 198 1743 260 ἂρχῆςΑΕ-ιῧιιὸ

92 261 124 322 ἢ
145 263 341 320 πολέμιος
364 268 453 315 τοῖς
475 263 833 319 ἐπιβουλεύουσι.”
893 266 1081 309 Τοιαῦτα
1102 267 1185 319 μὲν
1210 265 1316 324 πρὸς
1340 268 1545 328 ἀλλήλους

93 330 392 386 διειλέχθησαν
417 329 562 372 αὐτοί·
598 329 694 373 ἐπεὶ
723 331 770 374 δὲ
803 330 1031 388 ἐκεκύρωτο
1068 330 1141 373 τὸν
1175 332 1434 390 Συργιάννην
1470 336 1546 380 τοῦ

93 396 378 452 δεσμωτηρίου
405 391 632 453 οἶφε-θῆναι,
655 396 682 453 ἧ
710 399 790 439 τοῦ
810 397 1020 451 βασιλέως
1034 395 1173 452 μήτηρ
1196 399 1362 451 βασιλίς
1385 401 1413 457 ἧ
1435 399 1545 459 Ξένη

65 459 335 518 ὄπυθομένη,
364 456 432 505 ὅτι
454 464 626 517 βασιλεῖ
644 464 816 506 τοιαῦτα
834 461 950 513 ἔδοξε
971 461 1071 519 περὶ
1088 459 1242 515 αὐτοῦ,
1271 465 1547 524 ἐδυσχέραινέ

91 542 142 571 τε
163 526 302 582 οὕκὲτι
322 520 506 578 ἀνεκτῶς
529 530 604 571 καί
623 526 696 572 τὸν
721 530 856 584 μέγαν
886 528 1131 582 δομέστικον
1156 522 1269 582 εἶχεν
1300 531 1346 573 ἑν
1369 535 1544 589 αἰτίαις,

90 588 143 635 οὔ
167 589 298 647 μόνον
321 587 391 635 ὅτι
414 595 598 652 πολεμίῳ
619 587 707 637 ὄντι
729 594 936 648 βασιλέως
961 594 1034 634 καί
1060 591 1131 635 διὰ
1153 595 1277 636 τοῦτο
1304 597 1451 656 δικαίῳ
1476 594 1546 642 ὅν·

26 711 29 713 .
88 669 132 702 τι
163 658 331 711 δεσμοῖς
362 655 568 715 ἀφύκτοις
595 658 667 702 διὰ
698 658 793 713 βίου
827 657 1005 713 ἔχεσθαι
1028 657 1183 709 παντὸς
1217 659 1342 710 αὐτὸς
1374 670 1583 706 συνεῖπεΒ

88 719 196 779 πρός
217 721 293 780 τὴν
312 723 572 781 ἐλευθερίαν,
599 724 692 767 ἀλλ’
715 719 781 769 ὅτι
798 722 906 779 μήτε
927 722 1126 780 πρότερον
1154 724 1260 781 αὐτῇ
1282 728 1418 782 μηδὲν
1440 729 1546 785 μήτε

28 794 287 846 senpectas,
311 788 421 846 μήτε
442 789 722 845 ἐβουλεύσατο
747 790 846 846 περὶ
867 785 1023 832 αὐτοῦ.
1072 787 1098 830 ὅ
1116 791 1249 845 μέγας
1274 792 1321 833 δὲ
1352 793 1547 847 δομέστι-

89 869 162 905 κος
186 853 327 905 αἰτίας
351 851 551 906 ἀπολύων
574 852 749 910 ἑαυτὸν,
795 852 960 910 ιῖγνοεῖν
987 868 1032 896 τε
1065 851 1248 911 ἔφασκεν
1281 852 1346 899 ὅτι
1378 856 1440 914 μὴ
1480 858 1545 917 εἴη

23 924 31 932 “
88 917 197 963 κατὰ
230 918 400 978 γνώμην
417 918 469 964 τοὶ
495 919 766 977 πραττόμενα
789 916 910 977 αὖτῇ,
938 920 1012 964 καί
1034 918 1106 962 διὰ
1133 922 1260 962 τοῦτο
1289 924 1423 979 μηδὲν
1450 924 1549 982 περὶ

88 983 239 1030 τούτου
264 983 468 1044 πρότερον
491 982 595 1044 αὐτῇ
620 986 912 1042 διαλεχθῆναι.
941 980 1054 1038 ὅμως
1078 985 1172 1028 ἐπεῖ
1189 983 1340 1042 ἔδοξεν,
1365 988 1544 1031 ἀπελύε-

88 1049 138 1094 τὸ
154 1066 200 1094 τε
223 1053 308 1095 τῶν
328 1051 493 1107 δεσμῶν
513 1051 537 1095 ὅ
560 1052 816 1110 ,Συργιάννης
837 1052 911 1094 καί
928 1050 1146 1105 εὐμενείας
1164 1045 1349 1096 ἀπέλαυε
1371 1057 1445 1098 καί
1468 1057 1540 1098 εὖ-

29 1117 228 1171 φόποιΐας
260 1118 337 1174 τῆς
359 1116 476 1174 παρὰ
501 1120 720 1174 βασιλέως.
1164 1125 1166 1127 ’
1554 1133 1585 1167 c

199 1184 238 1228 f.
284 1181 384 1228 Ὑπὸ
407 1185 457 1228 δὲ
477 1183 577 1235 τούς
601 1182 759 1235 αὐτοῦς
778 1183 960 1242 χρόνους
987 1187 1060 1230 καὶ
1080 1188 1125 1240 ἐξ
1153 1186 1406 1242 Ἀλαμανῶν
1437 1188 1545 1246 ἄφί-

89 1265 184 1294 κετο
204 1248 311 1308 πρὸς
327 1251 510 1306 βασιλέα
533 1249 603 1294 τὸν
631 1249 912 1309 πρεσβύτερον
936 1252 1137 1309 πρεσβεία
1157 1252 1358 1310 χρήματα
1378 1255 1545 1298 αἰτοῦν-

89 1332 172 1370 τες,
199 1317 406 1373 λέγοντες,
432 1315 541 1360 κατὰ
566 1314 754 1370 παλαιάν
781 1320 1031 1373 συμμαχίαν
1059 1320 1132 1362 καί
1154 1321 1302 1376 φιλίαν
1328 1321 1404 1376 τῆς
1440 1336 1547 1378 σφε-

89 1383 216 1439 τέρας
233 1397 279 1426 τε
299 1381 375 1426 καί
392 1384 469 1440 τῆς
484 1382 712 1438 “Ρωμαίων
733 1383 972 1439 ἡγεμονιῖις,
996 1380 1096 1428 ὅταν
1114 1400 1191 1427 του
1215 1386 1394 1439 δέονται,
1416 1401 1546 1443 προσ-

34 1445 205 1505 αοῆκειν
247 1444 461 1507 ἑκατέροις
491 1450 741 1504 κομίζεσθαι
781 1453 883 1506 παρ’
921 1446 1135 1506 ἀλλήλων.
1181 1451 1223 1494 Γ
1219 1451 1432 1506 εμπλίνοις
1462 1449 1544 1508 γὰρ

88 1515 196 1558 πᾶσι
216 1515 364 1572 φιλίαν
389 1511 499 1558 εἶναι
514 1513 620 1571 πρὸς
644 1514 743 1565 τοὺς
769 1515 1001 1570 Ῥωμαίων
1020 1518 1235 1571 βασιλέας,
1263 1515 1336 1560 καί
1355 1517 1545 1560 σπουδά-

90 1581 242 1633 ζεσθαι
261 1581 408 1633 αὖτοῖς
430 1577 512 1625 ὅσα
529 1577 736 1638 ὠφέλειάν
756 1597 801 1624 τε
823 1581 898 1624 καί
912 1579 1040 1638 τιμήν
1059 1581 1295 1636 Ῥωμαίοις
1315 1588 1579 1640 περιποιεῖ·ῐ)

89 1647 187 1689 νυνὶ
211 1646 260 1690 δὲ
275 1644 508 1703 χρημάτων
529 1648 751 1701 δεομένους
767 1681 780 1701 ,
820 1647 1056 1702 ἀναγκαίως
1076 1646 1182 1704 πρὸς
1204 1650 1382 1702 βασιλέα
1404 1644 1542 1704 ἥκειν,

185 1737 241 1761 no.
265 1725 475 1772 Πμπλινοι
495 1726 551 1761 nil
582 1726 685 1760 aliud
713 1737 822 1772 quam
855 1726 1004 1760 Geblini
1035 1727 1112 1761 sive
1137 1726 1303 1761 Gibelini
1327 1730 1420 1760 sunt.
1472 1726 1544 1761 Ce-

184 1777 306 1806 terum
329 1772 453 1806 senior
477 1771 708 1807 Andronicus
742 1773 907 1806 subsidia
932 1773 1115 1807 Gibelinis
1139 1774 1240 1807 misit
1264 1779 1387 1807 contra
1414 1773 1543 1818 ponti-

185 1818 307 1861 ficios,
330 1823 374 1853 ut
394 1829 442 1853 ex
463 1819 605 1854 Ioanne
630 1819 768 1853 villani
782 1819 996 1854 Florentino
1019 1820 1085 1855 lib.
1100 1832 1133 1866 9.
1155 1825 1266 1865 patet.
1289 1820 1371 1855 ED.
1382 1820 1421 1853 P.

91 1891 253 1929 raretur,
287 1886 570 1933 impedivissem.
618 1886 725 1921 Haud
747 1886 843 1921 enim
867 1887 980 1934 magis
1003 1887 1075 1922 tibi
1102 1887 1242 1922 benecu
1272 1889 1388 1922 ientes
1412 1898 1543 1928 amare,

91 1946 202 1981 quam
226 1934 407 1969 insidiant
471 1933 591 1970 odisse
617 1933 663 1968 ab
688 1934 796 1967 initio
822 1935 930 1967 fixum
956 1940 1168 1981 certumque
1192 1935 1239 1969 ha
1267 1937 1316 1968 ui.
1367 1935 1464 1968 Haec
1484 1934 1543 1968 illi

89 1981 188 2016 inter
212 1992 252 2016 se
276 1992 414 2016 sermoc
430 1981 620 2016 nabautur.
668 1981 716 2015 At
748 1981 847 2015 Xena
880 1982 1110 2027 imperatoris
1146 1987 1279 2022 mater,
1317 1980 1431 2014 filium
1455 1981 1543 2024 Syr-

25 2068 28 2069 ?
91 2028 233 2076 giannis
267 2028 517 2063 dimissionem
541 2027 741 2062 decrevisse
765 2027 936 2069 audiens,
970 2027 1009 2061 id
1028 2039 1133 2073 passa
1155 2033 1211 2061 est
1236 2029 1455 2074 aegerrime,
1480 2039 1542 2060 ac-

91 2075 314 2122 cusabatque
336 2086 505 2121 magnum
529 2074 783 2116 domesticum,
819 2085 893 2108 non
917 2075 1034 2108 solum
1063 2073 1162 2120 quod
1185 2075 1282 2109 hosti
1313 2074 1542 2119 imperatoris

91 2127 132 2158 et
155 2121 292 2156 idcirco
315 2122 545 2168 sempiternis
574 2121 726 2155 vinculis
750 2121 829 2155 iure
854 2121 1134 2166 constringendo
1158 2123 1238 2167 ipse
1261 2119 1307 2155 ad
1332 2121 1542 2154 libertatem

89 2170 400 2216 patrocinaretur:
433 2168 498 2203 sed
523 2167 622 2215 quod
648 2179 687 2202 se
712 2179 787 2201 rem
812 2168 962 2202 celasset
991 2168 1163 2213 penitus,
1199 2178 1319 2215 neque
1343 2179 1452 2212 super
1474 2168 1540 2201 illo

91 2227 132 2250 se
164 2215 419 2254 consuluisset.
465 2215 693 2249 Domesticus
726 2215 865 2259 culpam
892 2214 938 2248 ab
973 2225 1011 2248 se
1046 2225 1253 2256 removens,
1294 2215 1450 2248 nescisse
1482 2225 1541 2247 re-

91 2262 258 2308 spondit,
297 2262 337 2296 id
366 2273 446 2297 eam
481 2263 599 2296 nolle:
644 2262 728 2295 ideo
754 2260 865 2294 —nihil
903 2261 1002 2306 prius
1040 2272 1122 2295 cum
1165 2271 1208 2295 ea
1244 2262 1539 2295 communicasse.

91 2308 260 2344 Ceterum
289 2308 505 2355 Syrgiannes
538 2319 680 2343 carcere
708 2319 774 2354 pro
799 2307 945 2342 decreto
979 2308 1117 2342 solutus
1144 2309 1446 2354 imperatorisque
1468 2308 1538 2342 hu-

90 2357 302 2390 manitatem
325 2367 367 2389 ac
390 2356 668 2390 beneficentiam
693 2360 861 2399 expertus
880 2360 950 2391 est.

183 2402 215 2437 5.
239 2401 315 2436 Sub
346 2402 444 2437 idem
477 2408 618 2448 tempus
644 2413 689 2435 ex
712 2401 898 2435 Alemania
930 2400 977 2435 ad
1001 2401 1180 2435 seniorem
1205 2400 1462 2446 imperatorem
1485 2399 1543 2432 le-

92 2452 167 2496 gati
187 2450 358 2491 veniunt,
386 2449 579 2495 pecuniam
603 2453 790 2493 petentes,
815 2447 914 2494 quod
938 2459 983 2482 ex
1007 2448 1121 2483 veteri
1147 2449 1322 2482 societate
1347 2452 1385 2480 et
1411 2447 1543 2479 amici-

94 2498 171 2538 tia,
205 2507 300 2543 quae
325 2497 413 2542 ipsis
438 2507 517 2530 cum
544 2496 710 2530 Romanis
735 2494 1000 2536 intercederet,
1036 2500 1319 2529 consentaneum
1344 2493 1541 2532 videretur,

95 2543 228 2578 alteros
252 2542 298 2576 ab
322 2543 465 2584 alteris,
489 2544 521 2577 si
545 2553 617 2588 quo
646 2547 810 2587 egerent,
836 2541 1010 2576 adiuvari.
1059 2540 1228 2575 Geblinis
1255 2541 1352 2574 enim
1372 2539 1542 2573 omnibus

95 2601 178 2623 eum
208 2591 373 2624 Romanis
405 2589 685 2635 imperatoribus
721 2588 918 2633 hospitium
949 2598 1047 2632 esse3
1084 2589 1148 2634 qui
1183 2587 1346 2622 studiose
1374 2590 1542 2619 curarent

96 2646 333 2683 quaecunque
361 2637 530 2673 Romanis
555 2636 838 2670 emolumentum
867 2646 909 2669 ac
937 2634 1045 2669 decus
1073 2638 1252 2669 afferrent.
1299 2633 1405 2667 Nunc
1427 2643 1541 2676 pecu-

95 2684 181 2718 niae
211 2687 378 2729 egentes,
414 2683 461 2719 ad
495 2684 749 2730 imperatorem
784 2681 986 2729 compulsos
1023 2683 1240 2728 confugere,
1277 2690 1365 2715 suae
1394 2679 1540 2725 inopiae
