1832 3138
306 130 405 185 162
844 139 1220 186 CANTAcqum

102 253 185 290 ΑΒ.
206 251 360 290 ι3ααλιν
395 247 644 301 προφάσεων
683 241 787 298 πρὸς
815 239 991 295 πόλεμον
1019 238 1236 298 εὖπορεῖν,
1283 243 1322 285 εἰ
1345 244 1425 296 μὲν
1451 243 1558 298 ἕτερ’
1582 234 1686 284 ἅττα
1710 234 1740 295 ἢ

297 309 420 357 αὐτὸς
446 307 637 363 εἴρηκας,
675 302 712 349 ὦ
738 307 939 361 βασιλεῦ’,
969 310 1209 348 ’λυσιτελεῖν
1237 305 1503 362 ἐλογιζόμην,
1544 302 1660 348 εἶπον
1687 299 1741 347 ἂν

296 374 515 422 ἐνδοιάσας
562 373 717 427 μηδέν·
781 369 923 426 ἐπειδὴ
965 373 1011 414 δὲ
1058 368 1148 424 ἅμα
1183 387 1227 414 τε
1263 372 1404 413 δίκαια
1444 370 1594 428 καὶτῷ
1621 369 1741 427 κοινῷ

295 440 567 493 συμφέροντα
606 434 824 491 Ῥωμαίων
870 435 944 478 καί
983 434 1089 492 πρὸς
1128 434 1317 486 εὐδοξίαν
1359 432 1525 486 οὖδενὸς
1562 433 1740 489 δεύτερα

295 503 438 558 σαυτῷ
465 517 510 543 τε
535 499 704 558 εἴρηκας
731 500 805 544 καὶ
828 499 957 556 ἡμῖν,
992 501 1079 557 θεῷ
1106 501 1164 558 τῷ
1190 501 1274 542 τῶν
1301 499 1470 554 ἀγαθῶν
1495 497 1765 556 θαρῥὴσαν-Ε,

293 581 361 615 τες
389 566 542 623 ἐφόρῳ,
571 568 629 616 εἰς
667 565 768 623 ἔργα
799 566 1045 623 προάξωμεν
1079 564 1176 614 τοὺς
1213 563 1396 620 λόγους.”
1454 565 1636 607 Τοιαῦτα
1661 565 1741 618 μὲν

293 629 367 671 καί
393 629 413 673 ὃ
439 632 570 686 μέγας
598 631 839 684 δομέστικος
877 628 1010 673 εἶπεν·
1071 631 1312 686 ἐπιτραπεὶς
1351 631 1398 672 δὲ
1424 628 1498 672 καί
1523 627 1547 672 ὅ
1574 644 1740 686 πρωτο-

159 706 192 740 Ρ.
206 706 274 742 101
291 694 478 753 στράτωρ
521 694 551 738 ἃ
587 698 706 738 δοκεῖ
735 698 1004 753 συμφέροντα
1044 696 1188 749 εἰπεῖν,
1237 693 1339 751 »τὴν
1377 697 1459 748 μὲν
1485 693 1652 752 εἰρήνην
1680 694 1740 745 ὥς

292 759 454 815 ἀγαθὸν
482 760 555 803 καί
579 765 791 812 λυσιτελὲς
817 762 920 817 ἡμῖν
947 777 993 803 τε
1022 762 1094 803 καί
1119 762 1177 821 τῷ
1205 762 1326 818 κοινῷ
1355 758 1576 814 Ῥωμαώον
1594 758 1739 817 παντὶ,

291 821 382 866 οὔδ’
410 820 462 868 ἂν
502 825 630 875 αὕτὸς
668 823 920 882 ἀρνηθείην,
975 824 1034 880 μὴ
1073 824 1146 866 καὶ
1181 823 1348 867 οἴεσθαι
1383 823 1457 867 καὶ
1489 827 1794 869 πεπεῖσθαι”ιο

289 885 379 931 εἶπε
398 894 528 947 ,,παρ’
551 890 684 944 ὑμῶν.
715 893 912 946 τοιαύτην
928 892 1072 944 μέντοι
1091 891 1183 932 οἵαν
1198 888 1323 939 αὐτὸς
1340 887 1509 946 εἴρηκας
1531 890 1741 944 γενέσθαι,

287 957 485 1009 βασιλεῦ’,
524 951 624 997 οὐδὲ
651 953 889 1011 ὖπονοῆσαί
909 971 1007 997 ποτε
1034 954 1245 1009 ὁμολογῶ.
1296 953 1538 1010 ἐλογιζόμην
1565 952 1643 1010 γὰρ
1673 950 1740 995 ὅτι

287 1019 395 1075 πρὸς
421 1017 483 1069 οἷς
511 1020 756 1074 κατείχομεν
784 1020 983 1077 πρότερον
1010 1023 1084 1062 καί
1117 1021 1164 1061 ἐκ
1200 1021 1284 1062 τῶν
1310 1022 1385 1062 νῦν
1411 1017 1739 1076 προσχωρησάν-

288 1101 373 1127 των
409 1084 486 1127 οὔκ
526 1084 648 1140 ὀλίγα
686 1084 991 1140 κατασχόντες,
1032 1084 1110 1135 τὰς
1146 1085 1218 1127 ἐπὶ
1251 1087 1312 1142 τῇ,
1342 1085 1484 1142 εἰρήνῃ
1512 1083 1738 1144 ποιήσομεν

287 1147 494 1200 σπονδάς.
537 1148 602 1192 διὸ
628 1152 700 1192 καί
723 1150 942 1209 προθυμίᾳ
969 1148 1050 1192 σύν
1077 1151 1207 1208 πολλῇ
1241 1153 1324 1193 τῶν
1351 1153 1450 1206 περὶ
1475 1151 1549 1206 τῆς
1574 1147 1789 1206 εἶρήνηςι5

290 1214 465 1270 εἰχόμην
493 1212 648 1270 λόγων·
679 1213 822 1270 ἐπειδὴ
853 1216 900 1257 δέ
928 1230 996 1257 σοι
1023 1211 1133 1257 οὕτω
1161 1216 1324 1269 βέλτιον
1352 1217 1475 1268 δοκεῖ,
1502 1215 1633 1268 κοῖμοί
1656 1216 1737 1256 πᾶ-

256 1290 346 1324 Βσα
374 1281 587 1323 συνδοκεῖν
615 1280 785 1335 ἀνάγκη.
819 1282 863 1331 ἐξ
892 1277 986 1322 ὅτου
1014 1280 1093 1336 γάρ
1124 1295 1193 1323 σοι
1221 1283 1362 1337 φέρων
1387 1281 1575 1332 ὑπέταξα
1600 1281 1737 1333 ἐμαυ-

287 1343 383 1398 τὸν,
417 1341 525 1387 οὕτω
553 1346 780 1398 πέπεισμαι
810 1345 867 1395 ὥς
894 1342 984 1398 ἅμα
1013 1344 1083 1387 σοι’
1107 1345 1181 1387 καί
1206 1344 1544 1399 ἀποθανούμενος
1570 1344 1644 1387 καί
1667 1347 1735 1399 βι-

287 1408 429 1461 ώσων.
483 1407 625 1466 διόπερ
656 1411 696 1451 εἰ
721 1409 796 1451 καὶ
821 1406 950 1458 αὐτὸς
976 1406 1126 1466 ἑτέρως
1166 1409 1410 1465 ἐλογιζόμην
1447 1409 1621 1452 ἔσεσθαι
1657 1407 1734 1464 τήν

285 1472 464 1530 εἰρήνην,
494 1470 586 1515 ἀλλ’
612 1473 755 1529 ἐπειδὴ
785 1474 881 1517 νυνί
906 1476 974 1516 σοι’
999 1477 1144 1518 τοῦτον
1172 1473 1242 1529 τὸν
1262 1476 1414 1532 τρόπον
1438 1477 1568 1529 δοκεῖ,
1597 1473 1654 1523 ὥς
1678 1470 1789 1517 ἂναο

283 1535 413 1588 αὐτὸς
443 1540 608 1592 βέλτιον
634 1537 714 1595 ἡγῇ
740 1540 980 1582 τελείσθω.”
1047 1542 1219 1582 τοιαῦτα
1257 1543 1329 1583 καί
1374 1539 1735 1597 πρωτοοτριὶτορος

284 1602 478 1658 εἰπόντος,
518 1599 827 1659 εὖχαριστήσας
864 1603 888 1645 ὅ
917 1603 1117 1658 βασιλεῦς
1162 1605 1415 1647 ἐπυνθάνετο
1463 1607 1547 1647 τῶν
1581 1599 1734 1650 ἄλλων.

286 1666 529 1721 ἐπισχόντες
557 1669 604 1709 δὲ
633 1667 798 1723 μικρὸν,
822 1667 967 1725 »παρὰ
991 1671 1059 1710 σοι’
1079 1668 1152 1725 τὴν
1178 1669 1382 1723 ἐξουσίαν,
1411 1668 1597 1726 ἔφασαν,
1624 1667 1733 1713 εἶναι

284 1733 359 1774 τοῦ
386 1730 610 1787 πράττειν·
656 1723 857 1787 δεσπότης
879 1734 927 1774 δὲ
954 1728 1026 1787 ὢν,
1053 1732 1082 1775 ἃ
1109 1733 1254 1788 βούλει
1280 1736 1437 1791 πρᾶττε
1448 1737 1488 1777 .”
1534 1733 1612 1790 τὴν
1644 1749 1733 1777 τοι-

287 1837 453 1877 oportet,
479 1831 746 1877 dispiciendum
762 1857 771 1874 ,
796 1843 868 1878 quo
892 1838 999 1878 pacto
1021 1833 1244 1868 inviolabilis
1268 1839 1496 1882 permaneat:
1520 1845 1568 1869 ne
1589 1834 1729 1869 rursum

289 1879 495 1912 occasiones
528 1890 708 1912 armorum
738 1879 1028 1912 renovandorum
1061 1882 1278 1914 exoriantur.
1329 1882 1367 1914 Si
1393 1881 1495 1914 aliud
1526 1893 1633 1927 quam
1664 1882 1728 1915 aba

287 1930 325 1958 te
343 1925 482 1958 dictum
505 1930 575 1965 est,
605 1924 696 1958 utile
713 1925 927 1966 arbitrarer,
951 1938 1026 1959 non
1046 1926 1267 1966 dubitassem
1290 1926 1330 1960 id
1351 1928 1389 1960 in
1405 1927 1577 1971 medium,
1590 1929 1727 1961 afferre.

289 1971 362 2004 Sed
384 1971 555 2016 quoniam
579 1976 616 2003 et
636 1971 743 2011 iusta,
764 1977 801 2004 et
823 1972 1063 2004 Romanorum
1082 1974 1273 2012 communix
1288 1974 1470 2018 frugifera,
1496 1979 1534 2007 et
1557 1974 1628 2007 tibi
1655 1986 1726 2007 no-

287 2017 419 2063 bisque
435 2017 690 2061 gloriosissima
711 2017 932 2058 disseruisti,
960 2019 1038 2051 Deo
1065 2019 1243 2051 honorum
1259 2019 1423 2062 praeside
1438 2020 1523 2053 freti
1535 2045 1545 2061 ‚
1575 2019 1621 2053 ad
1636 2031 1727 2064 opus

286 2063 397 2097 verba
413 2063 650 2099 conferemus,
687 2063 785 2095 Haec
805 2074 952 2108 maguus
972 2064 1206 2099 domesticus:
1230 2065 1427 2119 secundum
1449 2066 1557 2120 quem
1584 2071 1621 2100 et
1639 2077 1727 2111 pro—

286 2113 470 2148 tostrator,
497 2108 595 2153 quod
620 2114 765 2152 putaret
787 2109 864 2142 fore
892 2121 911 2143 e
933 2121 971 2142 re
994 2111 1355 2157 publica.eloquend1
1383 2123 1488 2156 copia
1509 2113 1626 2146 facta:
1660 2113 1727 2146 Pa-

288 2166 387 2195 cem,
412 2155 551 2199 inquit,
575 2154 680 2187 nobis
704 2157 846 2201 totique
875 2157 1025 2200 imperio
1058 2159 1215 2191 Romano
1236 2157 1370 2191 bonam
1389 2170 1431 2192 ac
1455 2159 1649 2192 salutarem
1667 2169 1725 2192 me

287 2201 447 2234 iudicare
475 2206 510 2233 et
532 2199 583 2233 ita
611 2211 630 2232 a
650 2201 753 2234 vobis
781 2212 989 2244 persuasum
1003 2214 1097 2244 esse,
1114 2204 1210 2237 haud
1233 2204 1440 2239 inficiabor:
1466 2205 1578 2238 talem
1604 2210 1726 2239 autem

287 2246 548 2280 conficiendam
582 2257 679 2287 esse,
705 2247 847 2292 qualem
875 2254 914 2281 tu
940 2250 1135 2292 imperator
1161 2249 1406 2294 descripsisti,
1445 2262 1634 2297 nunquam
1665 2262 1725 2285 me

287 2294 505 2338 suspicatum
527 2293 711 2329 confiteor.
746 2294 887 2326 Mecum
911 2296 1007 2327 enim
1023 2296 1242 2340 cogitabam,
1269 2308 1334 2329 nos
1357 2296 1405 2330 ad
1429 2308 1482 2337 ea,
1505 2308 1599 2342 quae
1622 2298 1723 2342 prius

285 2340 508 2380 tenebamus,
530 2340 667 2372 recenti
692 2340 895 2374 accessione
913 2342 1018 2381 facta,
1032 2343 1130 2386 pacis
1149 2342 1433 2383 foedusjcturos.
1468 2342 1571 2376 Unde
1583 2343 1664 2377 aliis
1678 2342 1724 2377 de

286 2396 329 2418 ea
351 2385 610 2418 disserentibus
628 2385 860 2429 cupidissime
879 2388 1131 2421 auscultabam.
1170 2388 1337 2421 Ceterum
1360 2389 1446 2435 quia
1465 2387 1556 2422 haec
1574 2389 1632 2423 via
1650 2389 1723 2423 tibi

284 2432 394 2476 magis
421 2431 612 2475 probatur,
640 2431 729 2463 mihi
760 2444 903 2477 quoque
936 2439 978 2467 ut
1003 2433 1196 2478 probetur,
1220 2445 1362 2477 prorsus
1388 2445 1535 2469 necesse
1556 2439 1619 2468 est.
1668 2436 1721 2468 Ex

288 2489 361 2522 quo
378 2488 532 2523 namque
557 2477 602 2509 ad
620 2477 870 2511 auctoritatem
887 2484 985 2512 tuam
1005 2491 1061 2513 me
1089 2481 1238 2520 contuli,
1262 2481 1313 2513 sic
1333 2491 1390 2513 me
1416 2481 1572 2521 institui,
1596 2486 1638 2514 ut
1660 2486 1718 2515 te-

289 2534 368 2555 cum
387 2524 508 2558 vivere
527 2523 627 2555 iuxta
649 2534 689 2556 ac
711 2525 802 2558 mori
828 2536 901 2557 non
917 2537 1086 2559 recusem.
1116 2525 1237 2571 Quare
1252 2527 1319 2560 etsi
1337 2527 1441 2560 aliter
1449 2538 1573 2571 pacem
1592 2527 1712 2562 confe-

289 2575 385 2603 ctum
412 2569 457 2602 iri
492 2569 744 2607 ratiocinabar,
776 2569 891 2603 nihilo
919 2572 1037 2605 minus
1067 2583 1147 2605 cum
1172 2571 1262 2605 haec
1285 2577 1348 2605 tua
1374 2584 1474 2606 mens
1507 2573 1555 2607 sit
1582 2573 1716 2614 hodie,

289 2616 388 2660 quod
406 2614 504 2661 quod
523 2617 654 2649 rectius
673 2627 815 2658 censes,
845 2616 884 2650 id
900 2618 962 2651 fiat
979 2629 1075 2652 sane.
1123 2619 1321 2663 Imperator
1344 2621 1595 2664 protostratori
1627 2619 1719 2653 haec

286 2662 476 2706 prolocuto
503 2662 632 2706 gratias
652 2662 724 2707 egit
751 2668 788 2695 et
815 2663 904 2696 alios
940 2664 1184 2709 interrogavit.
1235 2664 1310 2709 Qui
1341 2670 1425 2711 post
1454 2665 1613 2711 aliquam
1636 2676 1718 2699 mo-

288 2718 365 2741 ram
413 2708 697 2754 responderunt,
728 2719 810 2743 cum
838 2708 1006 2748 dominus
1042 2710 1112 2752 sit,
1152 2711 1193 2747 in
1221 2720 1332 2746 manu
1373 2712 1451 2748 eius
1481 2722 1559 2748 esse
1599 2711 1717 2747 facere
