1832 3132
292 90 400 156 452
729 143 732 146 Α
812 91 1180 138 CANTACUZENI

93 210 183 249 ΑΒ.
202 208 467 263 ιδῧομάλιστα
505 201 731 257 βούλεσθαι
768 197 819 239 οὕ
857 193 985 249 μόνον
1023 190 1084 236 ὅτι
1125 195 1286 237 δίκαιον
1323 189 1470 237 εὔνουν
1488 228 1492 237 .
1510 188 1619 239 εἶναι
1641 194 1713 245 καὶ

289 271 504 327 πρόθυμον
530 266 627 320 περὶ
651 260 778 304 αὐτὸν
787 295 801 315 ‚
846 257 938 302 ἀλλ’
965 260 1034 302 ἵνα
1061 259 1134 300 καί
1160 257 1317 312 μᾶλλον
1343 258 1625 314 ἐπισπάσηται
1649 273 1715 314 τιή

289 333 371 390 μάς
398 348 439 375 τε
467 330 662 384 παρέχειν
689 328 760 368 καί
785 325 1070 382 προσηκούσας
1098 321 1172 373 τὰς
1199 319 1460 379 εὐεργεσίας·
1488 320 1538 368 οἳ
1565 323 1613 365 δὲ
1639 322 1715 373 νῦν

288 399 389 455 ἔφης
415 397 474 444 εἰς
499 392 570 436 τὸν
598 389 702 434 κατὰ
732 391 963 447 Συργιάννη
1003 388 1184 441 πόλεμον
1218 386 1424 443 χρήσιμος
1451 383 1713 444 ὄφθὴσεσθαι

245 463 397 518 Βῆμῖν,
423 459 650 514 βούλεσθαι
674 459 828 510 μαθεῖν
854 453 963 497 ὁποῖ’
991 449 1107 507 ἄττα,
1139 450 1196 501 ὥς
1223 447 1275 494 ἂν
1306 454 1352 494 ἐκ
1378 452 1460 497 τῶν
1487 448 1741 508 λεγομένων5

287 523 318 584 ᾗ
346 522 638 579 διαγινώσκειν,
667 516 718 563 ἄν
743 536 787 563 τε
814 520 1106 561 λυσιτελοῦντα
1130 515 1181 559 τὰ
1212 518 1516 571 βεβουλευμένα
1543 514 1607 574 εἴη
1620 549 1634 570 ,
1662 510 1715 558 ἄν

286 606 330 633 τε
355 587 455 645 μὴ.”
491 585 738 643 Σφραντζὴς
768 587 814 627 δὲ
844 584 965 627 οὐδὲν
991 585 1069 637 μὲν
1096 579 1210 637 ἥκειν
1236 580 1415 638 ἔφασκεν
1445 579 1610 625 οἴκοθεν
1637 581 1718 636 ani-ff

288 654 357 704 τὸς
382 653 702 709 βεβουλευμένος
729 648 833 706 πλὴν
859 650 935 692 τοῦ
961 648 1277 705 προθυμότατον
1303 642 1451 689 ἑαυτὸν
1478 647 1554 703 ἐφ*
1575 642 1638 703 οἷς
1664 641 1717 688 ἂν

289 717 527 773 κελευσθείη
554 717 871 772 παρασχέσθαι·
907 715 970 756 ἐπ’
1000 710 1112 770 αὐτῷ
1141 714 1188 754 δὲ
1215 708 1321 755 εἶναι
1347 712 1415 768 ἐφ’
1457 707 1540 765 ὅ,τι
1565 706 1618 754 ἂν
1647 710 1718 752 δο-

290 783 380 839 κοίη
417 786 643 826 λυσιτελεῖν
685 780 926 838 σκεψαμένῳ
962 781 1167 835 χρῆσθαι.
1205 775 1404 832 βασιλευς
1432 777 1479 820 δὲ
1502 774 1647 835 ,ἐπῄνει
1671 790 1770 835 vero

292 846 417 891 αὐτὸν
443 848 520 889 τοῦ
544 844 826 901 βουλεύματος
853 846 924 886 καί
949 845 1087 886 οἴκαδε
1115 845 1297 886 ἐκέλευεν
1323 842 1568 907 ᾅναχωρεῖν,
1596 838 1657 897 ὥς
1675 841 1721 891 ἐς

291 913 367 969 τὴν
393 911 619 969 ὑστεραίαν
646 908 755 953 ἅττα
782 906 832 952 ἂν
874 911 1009 965 δοκοίη
1036 911 1230 964 βέλτιστα
1268 906 1617 964 ὖποθησόμενος.,,
1640 903 1722 963 τὸν

291 981 423 1033 μέγαν
444 979 489 1020 δὲ
509 978 748 1030 δομέστικον
766 974 1033 1032 παραλαβών,
1052 974 1315 1028 ἐβουλεύοντο
1327 971 1438 1026 ὅπως
1456 971 1550 1027 δέοιζ
1562 970 1724 1027 τουκατ-

293 1043 345 1086 τά
362 1045 437 1085 τοῦ
447 1042 675 1098 Συργιάννη
696 1039 872 1093 πόλεμον
896 1042 1134 1082 διαθέσθαι·
1163 1035 1284 1097 ᾤοντο
1308 1041 1354 1083 δὲ
1372 1037 1469 1095 πρὶν
1484 1052 1724 1096 παρασκευ-

298 1108 527 1161 ασαμένους
538 1104 648 1162 ἥκειν
660 1102 868 1163 ἀντιπάλῳ
882 1107 1056 1162 στρατιᾷ
1076 1101 1122 1146 οὗ
1137 1107 1299 1158 μέμψιν
1317 1101 1408 1147 τινὰ
1429 1101 1592 1159 δικαίαν
1603 1100 1777 1158 εἶναι,ιὸ

173 1175 208 1211 Ρ.
220 1171 380 1227 ΩΊΊεῖγε
404 1171 534 1228 χωρὶς
555 1168 689 1214 ὅπλων
708 1174 779 1213 καί
813 1169 1012 1212 κινδύνων
1038 1168 1171 1226 ἀπάτῃ
1200 1167 1272 1211 τὸν
1295 1166 1728 1226 πολέμιονσυσχᾶιςτες

299 1235 542 1293 δυνήσονται
562 1235 632 1278 τὸν
658 1236 833 1289 πόλεμον
851 1237 947 1291 πρὶν
964 1237 1162 1290 συστῆναι
1181 1237 1426 1290 καταλῦσαι,
1465 1232 1615 1292 τὰιγὰρ
1634 1249 1729 1278 ,τοι-

298 1305 410 1345 αῦτα
429 1303 640 1355 κλέμματα
662 1304 878 1356 καλλίστην
899 1298 1022 1351 δόξαν
1040 1299 1162 1353 ἔχειν,
1189 1298 1218 1341 ἅ
1234 1299 1399 1353 μάλιστ’
1421 1295 1473 1342 ἄν
1486 1297 1640 1355 τις-τὸν
1653 1313 1730 1352 τιο-

298 1369 442 1420 λέμιον
468 1365 750 1420 ἐξαπατήσας,
789 1362 939 1407 ἑαυτόν
966 1381 1009 1407 τε
1035 1365 1106 1406 καί
1130 1363 1226 1414 τούς
1254 1363 1455 1420 ὑπηκόους
1489 1362 1730 1422 ὠφελήσειε.

300 1430 372 1474 διὰ
391 1431 525 1472 ταῦτα
559 1428 608 1485 δὴ
641 1428 774 1472 ἐδόκει
794 1431 1015 1486 Σφραντζῇ
1043 1431 1124 1471 τῶν
1151 1431 1465 1486 παρακειμένων
1484 1432 1536 1487 τῇ
1555 1433 1776 1486 Koma-20

299 1494 370 1554 ρίᾳ
385 1494 607 1549 πολιχνίων
624 1494 865 1550 ἐγχειρίζειν
893 1492 967 1549 τὴν
987 1491 1136 1549 ἀρχὴν,
1164 1493 1236 1535 καὶ
1254 1493 1422 1537 ἐπειδάν
1445 1496 1609 1550 γένηται
1629 1496 1728 1554 ἐκεῖ,

301 1560 554 1616 Συργιάννην
571 1561 648 1612 μὲν
668 1559 741 1600 ofin
761 1555 981 1609 ἀνέξεσθαι
1005 1557 1137 1607 εὐθὺς
1161 1557 1219 1613 μή
1240 1561 1513 1615 προσπέμψαι
1531 1557 1635 1615 πρὸς
1652 1559 1730 1601 αὖ-

302 1622 372 1666 τὸν
403 1626 475 1666 καί
512 1627 763 1681 παρακαλεῖν
802 1623 917 1682 αὐτῷ
955 1625 1219 1680 προσθέσθαι
1247 1620 1483 1667 ἀποστάντα
1512 1623 1729 1678 βασιλέως·

305 1736 414 1771 talem
438 1734 553 1769 virum
580 1745 653 1768 non
682 1734 796 1768 solum
821 1735 972 1768 amicum
1005 1739 1042 1768 et
1067 1740 1271 1780 promptum
1302 1746 1423 1782 gerere
1459 1736 1639 1777 animum,
1660 1735 1730 1770 -sed

306 1783 412 1816 etiam
426 1806 435 1821 ‚
461 1792 532 1825 quo
549 1782 657 1825 magis
678 1792 758 1813 eum
780 1777 861 1814 sibi‘
874 1781 1070 1822 devinciat,
1098 1780 1296 1815 honoribus
1318 1794 1358 1816 ac
1378 1782 1481 1816 donis
1501 1783 1730 1827 congruenti-

305 1829 372 1862 bus
397 1828 472 1860 eius
506 1827 717 1872 dignitatem
744 1828 960 1872 amplificare
986 1827 1119 1860 iustum
1143 1829 1200 1861 sit.
1249 1829 1387 1873 Cupere
1410 1840 1516 1874 porro
1545 1828 1654 1868 scire,
1687 1829 1730 1864 in

307 1874 438 1920 quibus
473 1882 510 1906 se
527 1873 630 1906 modo
655 1883 799 1916 operam
824 1873 894 1906 sibi
923 1875 961 1906 in
983 1873 1080 1906 bello
1113 1879 1234 1907 contra
1262 1873 1493 1920 Syrgiannem
1518 1879 1729 1908 navaturum

306 1920 552 1966 profiteretur3
568 1924 607 1951 ut
628 1930 670 1953 eo
690 1918 871 1952 indicante
885 1944 895 1959 ‚
920 1920 1009 1953 utile
1034 1931 1147 1953 necne
1172 1921 1362 1953 consilium
1385 1920 1538 1966 ceperit,
1563 1921 1728 1966 cognosci

290 1962 431 2011 possit.
480 1965 572 1997 Tum
591 1964 799 2008 Sphranzes,
823 1965 1100 2011 haudquaquam
1117 1977 1181 2010 per
1203 1977 1241 1999 se
1263 1965 1476 2000 meditatum
1497 1966 1632 2007 venire,
1654 1966 1727 2000 nisi

308 2017 350 2044 ut
369 2022 405 2044 se
431 2022 536 2056 quam
560 2012 860 2055 promptissimum
885 2011 929 2044 ad
949 2013 1122 2056 imperata
1140 2012 1320 2057 praebeat.
1344 2013 1385 2045 In
1406 2014 1483 2058 ipso
1497 2013 1604 2046 situm
1629 2023 1727 2053 esse,

309 2054 374 2090 u‘bi
399 2059 436 2089 re
461 2057 710 2100 circumspecta
728 2068 855 2102 operae
879 2059 1034 2102 pretium
1065 2059 1239 2091 facturum
1259 2059 1457 2103 putaverit,
1487 2058 1540 2093 ibi
1576 2059 1727 2103 potissi-

292 2114 407 2145 ¹mum
437 2114 499 2135 suo
524 2103 647 2135 labore
673 2103 735 2135 uti.
784 2104 978 2147 Imperator
1007 2104 1051 2137 de
1073 2105 1251 2138 sententia
1271 2104 1476 2145 laudatum,
1510 2103 1628 2141 redire
1658 2103 1727 2138 do-

313 2159 411 2182 mum
437 2148 557 2191 iussit3
582 2160 618 2181 se
643 2148 701 2180 die
741 2151 930 2194 sequenti,
966 2150 1054 2194 quid
1086 2151 1261 2194 optimum
1293 2151 1370 2184 fore
1401 2150 1614 2190 iudicasset,
1645 2151 1727 2183 euin

313 2194 534 2230 edocturum.
558 2196 638 2227 Post
653 2205 815 2238 magnum
838 2195 1073 2228 domesticum
1096 2198 1134 2229 in
1156 2197 1343 2230 consilium
1375 2197 1419 2230 de
1437 2197 1534 2230 bello
1559 2195 1726 2230 adversus

312 2239 543 2284 Syrgiannem
588 2240 809 2273 instituendo
842 2241 1027 2275 adhibuit:
1078 2242 1263 2287 visumque
1305 2243 1436 2275 factum
1477 2243 1571 2276 iusta
1602 2244 1727 2287 repre-

273 2282 293 2304 ‘'
310 2284 485 2318 hensione
498 2285 701 2325 cariturum,
728 2287 757 2319 si
779 2288 984 2332 priusquam
1004 2289 1176 2321 instructo
1199 2288 1355 2321 exercitu
1374 2290 1621 2330 contrairetur,
1644 2287 1730 2322 abs-

311 2342 381 2376 que
422 2332 526 2363 armis
562 2336 599 2364 et
627 2332 806 2376 periculo,
843 2345 906 2378 per
943 2333 1064 2366 dolum
1088 2335 1244 2379 aliquem
1269 2332 1371 2367 hoste
1409 2340 1513 2379 capto
1565 2340 1602 2368 et
1636 2345 1725 2367 con—

309 2378 453 2416 stricto,
478 2375 612 2409 bellum
637 2383 718 2410 ante
738 2379 840 2411 finire
865 2385 1027 2425 possent,
1055 2391 1162 2425 quam
1175 2380 1346 2424 incipere.
1395 2379 1610 2414 Huiusmodi
1624 2391 1726 2413 nam-

311 2433 382 2468 que
406 2422 500 2455 furta
525 2422 613 2455 belli
639 2423 888 2467 gloriosissima
916 2431 1019 2466 sunt,
1056 2425 1188 2471 quibus
1218 2425 1320 2460 hoste
1349 2427 1611 2466 circumvento,
1645 2426 1718 2460 sibi

312 2469 489 2514 quispiam
532 2479 572 2502 ac
599 2465 752 2502 subditis
789 2472 978 2513 plurimum
1026 2471 1230 2505 commodat.
1298 2470 1523 2517 Quapropter
1554 2470 1728 2516 Sphranzi

313 2514 526 2558 oppidorum
544 2515 722 2548 Castoriae
735 2516 929 2549 vicinorum
954 2519 1211 2561 praefecturam
1221 2516 1371 2551 dandam
1384 2523 1612 2554 censuerunt.
1643 2518 1727 2563 Quo

312 2571 392 2592 cum
406 2561 561 2600 venerit,
586 2560 815 2606 Syrgiannem
842 2574 914 2595 non
931 2568 1218 2608 temperaturum,
1243 2563 1331 2608 quin
1353 2565 1431 2598 sine
1447 2576 1544 2597 mora
1566 2565 1727 2604 mittens,

314 2605 359 2637 ab
382 2606 595 2650 imperatore
621 2618 700 2640 eum
722 2607 767 2640 ad
793 2619 871 2641 suas
888 2611 1178 2652 partes'transire
1199 2608 1370 2644 hortetur.
1419 2610 1632 2654 Sphranzem
1660 2621 1727 2643 au-

313 2660 368 2686 rcs
387 2652 631 2696 praebiturum
646 2653 824 2696 libenter,
849 2660 885 2690 et
915 2656 1068 2690 cumino
1101 2656 1293 2690 amicitiam
1326 2657 1605 2703 societatemque
1638 2667 1727 2691 con-
