1728 3158
237 426 641 490 EDITIONIS
698 424 1102 477 PAmsiNAE
1148 380 1604 477 PRAEFAmo.

582 712 1264 775 LECTORI

720 846 1120 898 CANDIDO.

207 1059 435 1133 Secundus
464 1099 503 1132 et
536 1092 862 1146 quadragesimus
889 1105 1019 1130 annus
1044 1092 1109 1131 hic
1138 1091 1269 1145 agitur
1283 1119 1296 1142 ,
1334 1094 1550 1144 ,postquam
1577 1089 1642 1128 Ia-

208 1159 332 1199 cobus
366 1159 572 1198 Pontanus
597 1159 802 1198 Societatis
830 1158 920 1197 Iesu
942 1158 1133 1197 Ioannem
1150 1159 1470 1196 Cantacuzenum
1495 1156 1643 1195 Orien-

207 1227 260 1264 tis
287 1226 575 1277 Imperatorem
604 1239 626 1264 e
646 1224 810 1278 palliato
836 1231 1018 1277 togatum
1044 1216 1163 1263 fecit:
1194 1224 1244 1262 de
1271 1224 1441 1273 Graeco,
1461 1223 1643 1275 inquam,

207 1292 251 1329 in
272 1292 461 1329 Latinum
481 1290 680 1344 eleganter
705 1291 926 1330 convertit:
965 1297 1161 1344 togaeque
1189 1291 1274 1328 eius
1294 1296 1410 1328 notas
1436 1287 1646 1342 pererudi-

207 1364 271 1396 tas
295 1356 419 1396 veluti
441 1371 663 1410 purpuram
688 1358 856 1396 intexuit
870 1385 883 1408 ‚
910 1371 963 1395 ne
989 1355 1138 1396 scilicet
1163 1363 1294 1395 terrae
1313 1356 1503 1394 Graeciae
1531 1355 1646 1407 prin-

209 1436 301 1475 ceps
331 1423 373 1461 in
404 1422 610 1476 publicum
641 1423 725 1462 sine
755 1436 935 1475 purpura
961 1422 1156 1475 prodiret.
1228 1422 1368 1474 Itaque
1393 1420 1511 1474 longe
1540 1420 1646 1474 opti-

210 1502 322 1530 mum
352 1488 588 1527 historicum
630 1495 670 1527 et
707 1488 909 1528 veteribus
942 1502 1078 1526 rerum
1118 1487 1378 1540 scriptoribus
1410 1488 1495 1526 sine
1520 1486 1645 1529 dubio

211 1554 525 1607 comparandum
541 1584 553 1606 ,
604 1569 684 1607 qua
714 1554 846 1605 docti,
893 1568 974 1607 qua
1009 1542 1159 1593 indocti
1198 1553 1383 1592 manibus
1420 1552 1648 1593 versabant.

208 1619 267 1658 vHi
299 1627 463 1672 propter
501 1634 637 1658 rerum
671 1627 870 1673 gestarum
902 1621 1138 1658 memoriam
1173 1626 1376 1658 auctorem
1412 1617 1646 1668 laudabant,

197 1682 253 1724 'et
281 1685 506 1738 probabant
519 1696 549 1725 ς’
569 1684 628 1724 illi
662 1699 798 1724 rerum
826 1685 1054 1725 divinarum
1082 1692 1201 1738 atque
1220 1684 1488 1723 humanarum
1519 1684 1647 1734 scien-

211 1752 309 1789 tiam
337 1752 379 1789 in
414 1752 595 1804 principe
628 1750 919 1804 suspiciebant:
967 1750 1125 1790 civilem
1154 1751 1358 1801 animum,
1393 1748 1648 1803 prudentiam

213 1815 322 1854 domi
362 1815 604 1870 militiaeque
618 1846 629 1867 ‚
682 1816 957 1855 fortitudinem
998 1817 1040 1855 in
1080 1816 1199 1855 rebus
1237 1814 1472 1855 hostilibus:
1525 1816 1648 1853 animi

212 1882 526 1935 magnitudinem
554 1883 597 1921 in
623 1882 868 1935 perferendis
896 1883 1051 1922 iniuriis
1071 1911 1083 1934 ‚
1134 1895 1232 1935 quas
1263 1881 1480 1924 intulerant
1508 1880 1648 1919 mode-

212 1948 311 1986 stiae
348 1948 469 1986 nescii
524 1954 563 1986 et
595 1947 761 2000 pudoris
802 1949 930 2000 ignari
969 1947 1177 1997 homines,
1226 1960 1406 2000 quosque
1441 1960 1487 1985 ex
1519 1936 1648 1999 paene

213 2013 338 2051 servis
364 2011 510 2051 liberos
537 2011 685 2051 fecerat
700 2042 712 2063 ,
752 2019 792 2051 et
813 2025 859 2050 ex
883 2012 1028 2051 infimis
1051 2012 1260 2052 hominum
1277 2041 1290 2064 ‚
1328 2025 1520 2050 summos.
1563 2011 1648 2049 De-

213 2077 336 2130 nique
360 2077 403 2116 in
431 2078 671 2131 imperatore
704 2077 954 2119 clementiam
983 2091 1076 2130 erga
1101 2077 1233 2117 hostes
1247 2106 1260 2129 ‚
1307 2076 1448 2131 dignos
1468 2076 1648 2130 profecto

213 2143 284 2194 qui
300 2140 460 2181 hostilia
482 2149 736 2196 paterentur,
764 2142 1020 2196 funditusque
1040 2141 1301 2195 tollerentur3
1342 2149 1545 2195 postremo
1573 2141 1647 2181 ab—

216 2207 455 2246 dicationem
483 2208 667 2261 imperii,
703 2207 1076 2261 despectionemque
1098 2222 1276 2247 summae
1302 2209 1360 2247 rei
1395 2207 1647 2247 demiraban-

214 2279 283 2311 tur
300 2301 313 2324 ,
352 2274 465 2312 cuius
490 2287 609 2312 causa
633 2274 815 2328 plerique
842 2275 932 2313 iura
953 2274 1091 2314 divina
1122 2273 1376 2327 humanaque
1402 2273 1578 2325 violant,
1608 2282 1648 2314 et

214 2351 411 2377 secessum
438 2339 481 2376 in
503 2340 788 2378 monasterium
801 2368 813 2389 ,
851 2353 932 2393 quo
961 2338 1159 2378 solitarius
1187 2347 1470 2392 separatusque
1498 2353 1543 2389 ex
1571 2340 1646 2379 ho-

214 2404 371 2442 minum
399 2403 621 2456 frequentia
644 2405 852 2458 'puriorem
877 2411 917 2443 et
943 2406 1181 2444 sanctiorem
1202 2406 1329 2444 vitam
1352 2405 1517 2444 viveret.
1574 2404 1646 2455 Hi,

215 2468 379 2521 inquam
394 2497 407 2519 ,
435 2468 478 2507 id
498 2475 556 2508 est
573 2499 585 2521 ‚
614 2470 789 2508 Graecae
809 2469 967 2523 linguae
986 2471 1133 2520 nescii,
1169 2483 1250 2508 non
1280 2469 1396 2509 aliter
1425 2483 1546 2522 quam
1568 2469 1647 2507 La-

214 2534 298 2572 tine
322 2532 549 2587 loquentem
565 2534 739 2574 vellent:
770 2533 826 2573 illi
841 2564 853 2585 ‚
888 2535 929 2573 id
952 2542 1026 2585 est,
1055 2534 1240 2574 callentes
1262 2535 1468 2587 utriusque
1491 2533 1648 2588 linguae

217 2598 366 2638 diutius
394 2599 497 2639 ferre
527 2614 608 2639 non
637 2607 822 2654 poterant
836 2631 848 2652 ‚
887 2608 932 2640 ut
965 2602 1140 2639 Graecus
1169 2608 1308 2640 auctor
1344 2600 1458 2638 aliter
1471 2629 1482 2649 .,
1526 2614 1648 2653 quam

217 2664 367 2704 Graece
400 2665 640 2718 loqueretur.
706 2665 824 2718 Quod
854 2680 944 2706 cum
973 2666 1209 2720 intelligeret
1250 2665 1542 2706 Illustrissimus
1572 2666 1648 2704 Vir
1691 2696 1694 2699 .
