1832 3132
278 61 390 128 408
825 70 1191 113 CANTAcquNJ

86 178 371 231 A.C.1329a')„2„’
390 175 530 230 ἐπειδη
567 174 612 216 τὸ
642 172 877 225 λειπόμενον
909 170 1044 225 ὄλίγον
1074 171 1147 225 τῆς
1172 171 1304 226 ζωῆς,
1342 176 1429 222 τοῖς
1450 166 1713 223 ἄλλοιςπᾶσι

275 242 442 299 χαίρειν
474 239 618 292 εἰπών,
659 237 730 279 ἐπὶ
755 238 826 291 τῆς
864 237 1001 291 κλίνης
1030 232 1274 291 ἆνακλίθητι
1301 237 1376 292 τῆς
1412 238 1515 294 ἐμῆς
1540 236 1617 281 καὶ
1635 237 1712 295 τὴν

278 310 346 350 σοι’
366 304 563 363 φιλτάτην
591 301 776 360 κεφαλήν
797 307 883 350 τοϊς
908 299 1080 355 γόνασιν
1114 302 1357 351 ἐπίθεςκαί
1373 309 1522 357 χεῖρας
1539 302 1723 358 §affluis

276 380 361 421 τοῖς
377 369 625 427 ὀφθαλμοῖς.
688 366 796 417 ’ἴσως
822 369 947 408 τοῦτο
972 367 1249 422 παραμυθίαν
1273 365 1365 409 τινὰ
1397 367 1636 424 προξενήσει
1659 371 1711 425 τῇ

275 438 396 493 ψυχῇ
426 437 503 476 τοῦ
531 433 724 488 σώματος
747 432 1034 489 χωριζομὲνῃ,
1063 428 1238 482 πολλάς,
1279 429 1337 482 ὥς
1359 434 1572 487 λέγουσιν,
1609 433 1739 491 §cpe-5

276 503 458 558 σταμένῃ
487 498 563 549 τὰς
594 495 761 548 ὀδύνας·
825 496 985 550 μᾶλλον
1018 497 1059 537 δ’
1079 496 1132 538 ἵν’
1162 495 1605 552 αἰσθάνηται-διπλῶν
1627 501 1712 554 τῶν

227 563 453 619 Βόδυνῶν,
482 566 561 607 σοῦ
585 580 630 606 τε
661 561 734 604 καί
763 561 957 615 σώματος
990 556 1279 616 χωριζομένη,
1316 561 1390 603 καί
1411 559 1515 618 μήδ’
1536 564 1584 607 ἐν
1605 559 1711 622 ᾅδου

272 633 350 674 σοῦ’
381 629 554 685 δύνηται
573 629 879 679 ἐπιλαθέσθαι,
907 623 953 667 εἴ
974 643 1036 676 τις
1064 624 1260 681 αἴσθησις
1302 627 1387 668 τῶν
1413 627 1512 684 τῇδε
1550 633 1714 683 ψυχαῖς

270 694 374 752 μετὰ
398 693 471 750 την
497 694 663 736 ἐνθένδε
699 689 983 747 ἆπαλλαγῆν.”
1054 690 1222 733 Τούτων
1248 687 1271 732 ὅ
1301 692 1433 747 μέγας
1469 692 1713 746 δομέοτικος

271 759 470 813 οἰκούσας,
499 756 698 815 ἀνῴμωξε
718 773 764 799 τε
783 755 953 814 πικρὸν,
983 750 1101 798 οὔπω
1123 753 1322 812 πρότερον
1348 751 1454 813 ἄχρι
1473 755 1568 800 τότε
1589 757 1765 804 rovreto

271 825 422 868 παθών
453 825 524 867 ε’πί
545 825 618 866 τοῦ
651 822 879 877 βασιλέως,
929 818 1017 864 ἀλλ’
1044 817 1114 863 ciel
1145 821 1224 873 μὲν
1258 819 1339 872 ἔξω
1368 818 1614 876 κοπτόμενος
1642 826 1716 881 καί

272 891 462 945 θρηνῶν,
491 888 609 932 ἔνδον
629 891 676 931 δὲ
696 888 881 943 μάλιστα
907 887 1156 939 σπουδάζων
1185 887 1388 945 ἐγκρατὴς
1411 885 1523 933 εἶναι
1544 885 1712 947 ἑαυτοῦ·

272 955 367 998 τότε
395 957 441 997 δὲ
470 953 553 997 ὑπὸ
581 957 657 997 τοῦ
675 954 841 1003 πάθους
869 949 949 1010 ἤδη
977 955 1178 1010 λαμπρῶς
1197 954 1475 1010 νενικημένος,
1504 952 1645 999 ἔστενέ
1665 952 1734 999 τε·

271 1020 423 1074 βύθιον
447 1021 493 1061 ἐκ
527 1018 799 1075 καρδίαςκαί
833 1017 906 1061 τὸν
939 1017 1104 1074 ἑταῖρον
1133 1015 1392 1073 ἀνεκλαίετο,
1429 1018 1488 1070 ὥς
1513 1022 1586 1063 καῖ
1608 1020 1712 1071 τούς

272 1084 429 1137 ἔξωθεν
471 1085 747 1138 αἰσθομένους
785 1087 858 1142 τῆς
894 1080 1128 1139 ὂλωλυγῆς,
1179 1087 1509 1141 τετελευτηκέναι
1541 1087 1766 1140 vagalum&

141 1153 458 1206 Ρ.25οβασιλὲα.
515 1148 690 1192 ἐπιπολὺ
722 1152 801 1204 μὲν
824 1145 901 1193 οὖν
925 1147 947 1191 ὅ
976 1148 1402 1206 θρῆνος-παρετάθη,
1431 1152 1505 1195 καὶ
1526 1152 1610 1195 τῶν
1633 1146 1711 1195 ἄλ-
1820 1195 1823 1199 ,

272 1219 356 1257 λων
386 1217 469 1258 τῶν
494 1214 713 1270 παρόντων
741 1213 910 1257 πάντων
941 1213 1300 1271 συνθρηνούντων·
1356 1214 1450 1258 ἐπεὶ
1480 1215 1527 1258 δὲ
1558 1212 1711 1268 ἱκανῶς
1827 1246 1832 1294 1

273 1277 403 1334 εἶχεν,
441 1277 599 1338 αὕτῷὸ
631 1279 832 1334 βασιλεύς
858 1275 1010 1334 αὖθις,
1050 1278 1098 1323 τὸ
1126 1280 1206 1334 μὲν
1242 1282 1440 1336 θρηνεῖν,
1474 1276 1611 1336 εἶπεν,
1637 1283 1712 1340 ἒᾷν
1824 1300 1832 1354 ἶ

275 1346 351 1387 οῦκ
383 1341 435 1387 ἂν
470 1343 572 1387 κατὰ
591 1343 763 1401 καιρὸν,
801 1345 874 1388 ἐπὶ
900 1347 975 1401 τῆς
1002 1343 1141 1401 κλίνης
1167 1346 1213 1387 δὲ
1238 1341 1484 1398 ἀνελθόντα,-
1509 1344 1556 1388 τό
1583 1361 1712 1403 προσ-
1824 1402 1826 1404 q

273 1412 520 1464 τεταγμένον
547 1415 691 1452 ποιεῖν.
749 1409 918 1453 ἐπειδὰν
953 1411 1000 1451 δὲ
1027 1408 1048 1452 ὃ
1073 1411 1149 1452 τοῦ
1180 1413 1352 1466 θρηνεῖν
1382 1405 1585 1465 ἀφίκηται
1618 1425 1765 1453 nat-20
1826 1403 1832 1447 ἶ

274 1475 372 1532 ρὸς,
412 1474 465 1518 σύ
486 1490 530 1517 τε
553 1475 711 1532 κλαύσῃ
745 1473 874 1518 πολλὰ
898 1475 1092 1524 πολλάκις
1123 1477 1201 1518 καί
1225 1472 1355 1524 αὖτὸς
1386 1474 1445 1524 ὥς
1465 1473 1607 1532 νεκρὸς
1629 1472 1711 1519 άπὸ
1830 1483 1832 1490 ²

273 1543 449 1598 καρδίας
480 1540 815 1597 ἐπιλησθησομαι
844 1541 928 1583 τῶν
964 1535 1102 1584 ἄλλων
1134 1537 1382 1597 ἀνθρώπων·
1451 1538 1542 1582 εἴθε
1571 1542 1618 1584 δὲ
1640 1542 1714 1583 καὶ

272 1608 345 1662 τῆς
384 1609 460 1660 σῆς
487 1608 614 1660 μέρος
643 1622 686 1647 τι
707 1604 856 1661 μικρὸν
877 1608 950 1660 τῆς
969 1603 1132 1660 μνήμης
1156 1606 1230 1661 τῆς
1263 1606 1367 1660 ἐμῆς
1397 1599 1616 1661 ἠδυνήθην
1640 1607 1711 1648 ἐκ·

272 1673 441 1729 βαλεῖν]
489 1668 668 1726 Ἀνῆλθε
689 1671 768 1724 μὲν
790 1665 865 1713 οὖν
900 1667 1072 1725 ὃμέγας
1105 1671 1352 1725 δομέστικος
1390 1667 1464 1712 ἐπὶ
1492 1669 1568 1726 τῆς
1587 1672 1711 1724 βασι-

273 1816 419 1852 vivendi
444 1821 625 1862 superest,
651 1817 778 1851 ceteris
802 1818 896 1852 curis
921 1815 1089 1852 omnibus
1121 1817 1313 1863 sepositis,
1336 1827 1444 1863 super
1471 1818 1606 1853 lectulo
1627 1829 1710 1854 meo

274 1863 392 1899 reside
421 1869 458 1898 et
488 1864 560 1897 tibi
595 1865 815 1897 carissimum
847 1870 957 1910 caput
983 1865 1134 1910 genibus
1164 1865 1237 1898 tuis
1270 1869 1307 1898 et
1329 1874 1456 1897 manus
1483 1865 1598 1899 oculis
1619 1867 1710 1900 meis

272 1910 438 1955 impone:
465 1911 618 1943 forsitan
635 1911 704 1943 hoc
735 1912 875 1945 animae
891 1911 1061 1945 solatium
1084 1912 1132 1944 ali
1162 1910 1234 1944 uod
1255 1909 1484 1952 conciliabit,
1508 1922 1601 1958 quae
1623 1911 1709 1945 dum

272 1966 294 1988 a
328 1966 474 1999 corpore
529 1956 702 1997 discedit,
750 1958 926 1999 multum,
972 1962 1014 1990 ut
1045 1969 1129 2002 prae
1158 1959 1280 1999 icant,
1324 1956 1485 1991 dolorem
1540 1958 1710 1992 sustinet.

270 2002 349 2035 Imo
382 2013 491 2046 vero,
527 2007 568 2037 ut
602 2003 784 2047 duplicem
819 2003 979 2038 dolorem
1012 2005 1163 2049 sentiat,
1201 2014 1294 2049 quae
1331 2008 1369 2037 et
1395 2003 1459 2037 abs
1487 2008 1525 2038 te
1549 2009 1587 2038 et
1611 2014 1632 2039 a
1653 2009 1711 2039 ta-

271 2045 467 2082 bernaculo
496 2061 560 2083 suo
582 2048 787 2090 divellitur,
812 2061 858 2082 ne
888 2049 982 2094 apud
1006 2049 1142 2084 inferos
1177 2049 1325 2097 quidem
1355 2050 1492 2094 poterit
1528 2061 1603 2084 non
1630 2061 1708 2084 me-

270 2093 420 2126 minisse
459 2097 534 2139 tui;
570 2096 601 2128 si
628 2097 708 2142 quis
753 2096 904 2137 animis,
942 2096 1008 2129 ubi
1049 2095 1135 2130 hinc
1190 2098 1420 2143 emigrarint,
1453 2107 1576 2129 eorum
1613 2108 1708 2143 quae

269 2137 332 2171 hic
363 2140 455 2174 fiunt
492 2153 614 2175 sensus
646 2147 766 2176 restat.
825 2141 880 2175 Ad
913 2142 1002 2176 haec
1029 2153 1178 2187 magnus
1212 2142 1429 2176 domesticus
1468 2141 1570 2176 flevit
1596 2144 1706 2180 mise-

271 2185 454 2227 rabiliter,
479 2187 575 2232 quod
597 2187 651 2219 illi
677 2199 719 2221 eo
742 2199 857 2234 usque
883 2200 1000 2222 coram
1034 2189 1251 2234 imperatore
1292 2199 1478 2235 nunquam
1507 2188 1706 2223 acciderat:

272 2231 336 2266 sed
356 2233 423 2264 etsi
450 2232 536 2267 foris
552 2233 746 2278 aliquando
788 2236 957 2278 lacrymas
984 2233 1104 2276 daret,
1135 2236 1234 2268 intus
1256 2239 1376 2269 tamen
1404 2235 1559 2269 maxime
1580 2235 1706 2270 stude-

270 2276 345 2318 bat,
369 2282 410 2311 ut
433 2289 470 2312 se
496 2280 534 2312 in
556 2285 734 2323 potestate
757 2280 919 2315 haberet.
970 2281 1063 2314 Tum
1077 2291 1161 2315 vero
1184 2283 1329 2315 affectus
1349 2281 1593 2315 immensitate
1604 2293 1707 2327 pror-

271 2334 331 2357 sus
356 2323 536 2365 devictus,
562 2330 597 2358 et
621 2326 693 2363 imo
713 2333 858 2370 pectore
879 2327 1046 2362 trahebat
1062 2329 1212 2373 gemitus
1227 2353 1237 2369 ,
1261 2333 1299 2361 et
1322 2327 1474 2360 amicum
1496 2331 1595 2361 tanto
1617 2327 1705 2361 fletu

270 2369 438 2414 lugebat,
462 2376 504 2406 ut
528 2382 607 2404 cum
635 2372 672 2404 id
695 2374 908 2410 exaudirent
931 2375 994 2423 qui
1020 2382 1118 2407 extra
1139 2379 1251 2414 erant3
1276 2374 1527 2418 imperatorem
1547 2374 1616 2406 iam
1640 2385 1706 2407 ex-

271 2417 421 2452 cessisse
456 2417 727 2452 arbitrarentur,
780 2421 938 2456 ,Duravit
974 2420 1036 2454 diu
1072 2419 1160 2454 haec
1198 2420 1429 2463 lacrymatio,
1462 2418 1541 2452 aliis
1572 2420 1681 2453 etiam
1693 2444 1705 2461 ‚

272 2468 452 2509 quotquot
476 2474 593 2497 coram
618 2469 717 2497 erant
748 2466 1100 2509 collacrymantibus,
1146 2467 1335 2512 Postquam
1359 2466 1466 2499 finem
1487 2465 1598 2507 fecit,
1624 2478 1705 2499 rur-

270 2520 350 2544 sum
383 2510 598 2554 imperator,
636 2510 817 2544 desineret
847 2513 892 2545 ab
927 2513 1190 2556 intempestivis
1222 2513 1412 2546 lamentis:
1450 2510 1495 2544 ad
1530 2512 1704 2547 lectulum

270 2559 389 2589 autem
415 2555 608 2589 ascendens
625 2582 634 2597 ,
659 2557 831 2600 imperata
860 2560 1056 2602 perficeret.
1144 2559 1262 2593 uando
1296 2557 1407 2592 flendi
1428 2562 1569 2602 tempus
1594 2559 1704 2592 adve-

270 2601 390 2642 nerit,
434 2602 576 2647 inquit,
607 2608 684 2635 tum
708 2614 814 2647 saepe
844 2616 883 2636 ac
903 2606 1054 2638 multum
1082 2605 1126 2638 sse
1140 2606 1206 2646 )is‚
1245 2610 1281 2638 ct
1305 2616 1368 2649 ego
1386 2628 1396 2645 ,
1432 2609 1471 2637 ut
1496 2610 1657 2638 mortuus
1683 2615 1702 2638 e

271 2647 377 2681 eorde
393 2673 402 2689 ‚
429 2649 581 2683 aliorum
607 2649 792 2684 hominum
824 2650 999 2685 oblivioni
1030 2652 1171 2685 tradar:
1209 2652 1346 2685 utinam
1373 2655 1491 2684 autem
1517 2656 1553 2684 et
1574 2650 1618 2684 de
1640 2655 1703 2684 tua

391 2740 421 2762 ‘X
