1832 3138
262 110 337 178 34
791 96 1163 169 CANTAcqum

69 235 149 271 ΑΒ.
166 236 251 270 1320
263 229 567 282 ἐνδεικνύμενος
594 228 651 284 τῷ
679 226 840 286 ἓγγόνῳ.
865 227 895 270 ’ὅ
919 229 1061 282 μέντοι
1087 230 1218 283 μέγας
1245 228 1485 282 δομέστικος
1511 229 1557 271 ἐκ
1584 223 1699 288 Θρᾷ-

153 303 194 339 V.
210 313 254 337 20
268 311 339 350 κης
360 292 495 336 ἐλθών
522 287 614 335 ἐπεῖ
631 291 808 335 ἐπύθετο
828 291 880 335 τοὶ
901 293 1122 347 συμβάντα
1141 292 1253 348 παρὰ
1275 295 1482 346 βασιλέως
1497 290 1700 348 τοῧ·νέου,
1724 299 1731 302 ’

234 357 393 403 Βπολλὰ
422 357 649 410 θαυμάσας
666 358 750 400 τῶν
777 358 850 408 τῆς
877 354 1141 414 ἀνθρωπίνης
1170 356 1335 413 φύσεως
1354 353 1700 416 κατορχουμένων
1727 411 1731 417 Ὺ
1784 375 1786 378 ·

262 425 399 467 κακῶν
417 457 430 476 ,
469 421 543 464 καί
574 422 647 478 τὴν
675 421 842 465 ἀδικίαν
870 424 1247 477 καταμεμψάμενος
1275 420 1330 473 ὥς
1356 422 1430 465 καί
1453 425 1541 466 κατ’
1568 422 1706 484 αὖτῆς.

258 491 333 543 τῆς
351 486 517 545 φύσεως
537 485 789 540 ὄπλίζουσαν
809 487 907 537 τούς
925 488 1101 538 ἁλόντας
1121 487 1231 544 αὐτῇ
1249 486 1458 540 καθάπαξ·
1484 484 1726 544 „noaino-185

257 555 457 608 βασιλεῢ”
485 551 567 610 ἔφη
595 552 671 607 ,,τὸ
699 556 778 607 μὲν
804 552 925 596 κακὸν
953 552 1182 609 κατάδηλον
1210 550 1406 606 αὐτόθεν,
1434 549 1491 602 α’)’ς
1515 555 1604 596 ἐστι
1614 555 1701 595 τῶν

259 615 512 674 ἀνηκέστων·
541 617 616 673 τὴν
644 619 690 660 δὲ
705 617 810 676 πρὸς
827 620 875 662 σέ
892 635 976 673 μου
1004 620 1140 661 πίστιν
1163 621 1237 660 καί
1257 619 1382 660 δόλου
1402 617 1555 668 παντὸς
1572 617 1704 672 α’μιγῆ

260 682 419 740 φιλίαν,
447 685 520 726 καί
537 681 558 726 ὅ
585 683 808 740 παρελθών
828 686 905 738 μὲν
921 683 1073 740 χρόνος
1099 682 1416 739 βεβαιώσασθαι
1432 679 1583 737 ἱκανὸς,-
1609 679 1702 738 ἧλι-

258 750 401 790 κιῶτιν
426 748 606 798 καὶιτοῖς
629 749 819 803 σώμασιν
853 747 952 804 ἡμῖν
977 751 1337 804 συναυξανομένην
1361 745 1583 799 ἀποδείξας
1601 744 1703 804 τρό-

257 829 334 856 πον
361 811 469 856 τινοὶ·
499 815 642 870 διόπερ
673 815 773 856 οὐδὲ
797 812 931 868 λόγων
960 816 1046 856 δεῖν
1074 812 1180 869 πρὸς
1208 811 1412 869 ἀλλήλους
1439 812 1551 869 ἡμᾶς
1577 812 1755 868 ἡγοῦ-ιο
1790 831 1796 835 ’

256 895 351 932 μαι,
378 875 512 936 ἑαυτῷ
541 877 614 920 τὸν
639 879 779 934 ἕτερον
806 876 1028 933 ἑκατέρους
1047 880 1371 932 οἰκειουμένους·
1398 880 1471 921 καί
1488 875 1510 919 ὃ
1536 879 1702 931 μέλλων

258 945 306 985 δὲ
334 944 409 985 οῦκ
432 942 596 986 ἔλαττον
625 945 774 998 δείξει,
804 943 938 1000 φίλων
957 943 1211 987 πιστοτάτων
1239 943 1489 999 δεησόμενος
1515 942 1574 992 οὖς
1601 939 1703 999 ὅρῶ.

218 1010 296 1051 Οεῖ
321 1011 399 1062 μὲν
427 1003 500 1051 οὖν
518 1005 659 1065 ἑώρων
685 1025 733 1051 σε
756 1011 982 1068 κακοηθείᾳ
1017 1004 1237 1066 χρώμενον
1265 1008 1338 1051 καί
1364 1005 1702 1067 αὖθαδείᾳπρὸς

256 1076 432 1129 βασιλέα
458 1073 529 1116 τὸν
556 1074 735 1128 πάππον,
764 1076 837 1130 τῆς
855 1075 990 1130 ἀρχῆς
1017 1077 1172 1117 ἐκεῖνον
1188 1075 1267 1128 μὲν
1285 1071 1542 1130 ἀποστερεῖν,
1573 1088 1701 1116 σεαυ-

258 1142 317 1197 τῷ
358 1142 405 1182 δὲ
442 1137 556 1197 μόνῳ
598 1143 906 1195 περιποιεῖσθαι
940 1141 1194 1194 βούλεσθαι,
1233 1135 1284 1182 εὖ
1312 1138 1416 1192 ἴσθι,
1444 1139 1581 1181 καίτοι
1607 1136 1755 1191 λίανι5

258 1206 415 1261 φιλῶν,
445 1205 520 1261 ούκ
549 1201 602 1247 ἂν
629 1203 762 1256 οὕτως
789 1205 946 1247 ἀτόπου
968 1204 1161 1262 Ἰπροίξεοος
1188 1203 1359 1260 εἱλόμην
1386 1219 1454 1246 σοι
1481 1210 1704 1255 κοινωνεῖν.
1762 1224 1768 1228 ·

257 1269 350 1311 ἐπεὶ
375 1271 417 1312 δ’
445 1271 490 1320 ἐξ
517 1270 712 1324 οὐδεμιᾶς
740 1271 879 1320 αἰτίας
906 1273 1071 1313 τοιαῦθ’
1113 1270 1203 1327 δρῶ
1240 1269 1433 1327 φυόμενα
1460 1267 1566 1311 κακοὶ
1593 1266 1702 1310 κατὰ

256 1335 345 1388 σοῦ,
373 1331 468 1377 ὥστ’
497 1336 538 1378 εἰ
559 1333 618 1391 μη
646 1333 746 1385 θεὸς
773 1330 937 1378 ἄνωθεν
962 1334 1073 1378 αὐτοὶ
1101 1335 1304 1388 διαλύσει,
1334 1335 1431 1377 οὐδὲ
1457 1334 1569 1378 πάνυ
1596 1332 1704 1390 πόᾷ-

258 1400 318 1456 ῥω
356 1400 604 1456 προσδοκίας
640 1403 699 1451 εἰς
734 1397 843 1454 ὕψος
879 1402 1065 1457 ἀρθῆναι
1099 1399 1215 1454 βαθύ
1232 1434 1244 1453 ,
1282 1397 1388 1443 ἑκών
1416 1396 1550 1448 αὖτὸς-
1568 1398 1704 1441 ἐπιδί-

258 1466 368 1517 δωμι
405 1472 492 1514 τοῖς
531 1467 736 1514 κινδύνοις
773 1473 861 1515 τοῖς
899 1467 1006 1522 ὑπὲρ
1047 1468 1127 1508 σοῦ’
1165 1467 1215 1508 οὗ
1239 1466 1439 1521 χρήματα
1477 1462 1602 1518 μόνον
1629 1462 1758 1508 καίαο

257 1531 396 1585 κτῆσιν
415 1530 488 1572 καί
517 1533 678 1581 οἰκέτας
703 1530 775 1573 καὶ
801 1530 962 1588 φίλους,
992 1532 1084 1572 ἀλλ’
1111 1526 1194 1586 ἤδη
1223 1530 1295 1572 καί
1313 1527 1439 1573 αὐτὸν
1466 1531 1566 1583 ἐμὲ,
1596 1526 1703 1572 ὥστε

256 1593 369 1648 ἔχειν
391 1592 475 1648 v3,ss
500 1594 684 1654 βουλήσῃ
714 1598 942 1652 χρῆσθαι.”
967 1596 1058 1638 'Em‘
1077 1597 1240 1645 τούτοις
1260 1597 1334 1638 τοῦ
1347 1595 1552 1648 βασιλέως
1580 1596 1704 1648 δομε-

257 1658 383 1717 στίκῳ
410 1662 466 1718 τῷ
503 1661 667 1718 μεγάλῳ
696 1662 849 1716 πολλὴν
865 1662 993 1718 χάριν
1024 1660 1355 1716 ὁμολογήσαντος
1364 1695 1378 1714 ,
1407 1659 1479 1702 καί
1497 1661 1706 1717 προσθέν-

213 1738 350 1779 Βτος,
390 1725 449 1775 ὥς
475 1726 528 1779 ,,ὅ
557 1725 675 1769 πάντ’
711 1723 934 1781 ἀμβλύνων
959 1728 1113 1783 χρόνος
1152 1728 1226 1769 καί
1260 1725 1363 1768 κατὰ
1391 1724 1542 1782 μικρὸν
1567 1725 1705 1782 ὑποῤ-

1789 428 1796 463 ὲ

256 1827 304 1860 tis
326 1837 369 1859 ex
384 1826 525 1862 iuniore
538 1827 752 1872 imperatore
775 1839 866 1873 quac
880 1829 1116 1873 contigerant,
1135 1828 1321 1873 impendio
1333 1829 1496 1868 miratus,
1510 1826 1702 1861 humanam

257 1878 422 1906 naturam
452 1880 509 1908 tot
533 1875 716 1920 tantisque
741 1875 938 1908 subiectam
971 1875 1148 1915 miseriis,
1175 1880 1212 1908 et
1235 1874 1280 1908 de
1313 1874 1451 1908 invidia
1473 1880 1705 1920 conquestus,

259 1930 351 1964 quae
371 1921 480 1953 semel
494 1933 512 1953 a
528 1931 565 1953 se
581 1926 775 1964 occupatos
795 1921 866 1965 ipsi
879 1927 1029 1954 naturae
1045 1921 1183 1954 bellum
1196 1921 1330 1955 inferre
1346 1921 1454 1966 cogit,
1468 1921 1616 1963 Optime
1635 1921 1704 1952 im-

255 1971 412 2010 perator,
424 1967 556 2011 inquit,
571 1967 704 1999 malum
720 1977 796 2000 esse
807 1968 1065 2000 atrocissimum
1076 1966 1162 2000 hinc
1183 1968 1269 2000 satis
1286 1967 1414 2012 liquet,
1440 1965 1566 2014 Fidem
1585 1972 1706 1999 autem

258 2022 340 2055 erga
359 2017 395 2044 te
414 2022 539 2053 meam,
566 2017 602 2045 et
623 2023 779 2046 amorem
803 2014 1084 2046 sincerissimum
1099 2013 1206 2046 etiam
1225 2018 1426 2057 antegressa
1441 2018 1602 2058 tempora
1618 2013 1702 2047 satis

256 2058 445 2091 firmarunt
463 2064 500 2091 et
522 2058 727 2098 amicitiam,
751 2069 843 2103 quae
864 2060 960 2092 inter
978 2070 1043 2092 nos
1069 2059 1239 2105 aequales
1265 2065 1353 2099 erat,
1378 2059 1466 2104 ipsis
1491 2059 1702 2104 corporibus

258 2103 523 2148 quodammodo
545 2109 681 2137 auctam
703 2115 781 2137 esse
803 2104 947 2138 abunde
971 2105 1184 2142 docuerunt.
1233 2106 1357 2149 Itaque
1379 2105 1499 2138 verbis
1522 2106 1618 2138 inter
1637 2116 1704 2139 nos

258 2159 348 2193 opus
374 2160 451 2183 esse
471 2162 545 2183 non
564 2150 740 2190 arbitror,
765 2150 897 2195 quibus
918 2156 1078 2184 nostrum
1096 2156 1248 2196 uterque
1267 2152 1416 2184 alterum
1434 2151 1505 2184 sihi
1521 2151 1706 2186 conciliet.

258 2194 421 2228 Ventura
445 2202 565 2230 autem
589 2201 762 2240 tempora,
788 2196 1079 2230 fidelissimorum
1104 2198 1301 2230 amicorum
1327 2209 1434 2243 opem
1458 2197 1704 2242 imploratura,

258 2245 301 2273 ut
324 2252 489 2286 auguror,
513 2253 587 2276 non
612 2243 730 2275 minus
753 2242 814 2288 qui
839 2242 904 2276 sim
926 2254 1006 2287 erga
1033 2249 1069 2276 te
1091 2243 1338 2276 declarabunt.
1373 2243 1411 2276 si
1429 2243 1576 2289 quidem
1594 2244 1705 2290 igitur

257 2286 430 2328 viderem,
456 2294 515 2328 te,
536 2289 759 2332 malignitate
785 2293 822 2322 et
848 2290 1049 2334 arrogantia
1070 2295 1296 2333 corruptum,
1323 2300 1388 2322 avo
1415 2290 1604 2334 imperium
1629 2291 1705 2324 eri-

260 2343 346 2376 pere
370 2335 463 2367 velle
491 2340 528 2367 et
550 2334 595 2367 ad
617 2340 654 2367 te
669 2335 783 2367 solum
798 2335 1003 2374 transferre,
1028 2334 1245 2380 persuadeas
1257 2335 1327 2368 tibi
1340 2336 1462 2376 velim,
1489 2347 1705 2382 quamquam

262 2380 317 2411 tui
339 2390 416 2413 sum
444 2380 694 2425 cupidissimus
711 2406 721 2421 ‚
745 2381 877 2414 nollem
901 2387 1021 2414 tamen
1045 2381 1083 2414 in
1107 2388 1179 2414 tam
1203 2381 1351 2414 infando
1379 2383 1525 2427 negotio
1547 2382 1594 2415 ad
1621 2389 1703 2416 tuas

262 2426 419 2459 rationes
438 2438 494 2459 me
508 2427 715 2471 adiungere.
741 2427 883 2472 Atquin
907 2432 942 2460 te
968 2429 1178 2460 immerente
1193 2438 1335 2471 prorsus
1357 2427 1565 2462 huiusmodi
1576 2427 1703 2463 adver-

263 2482 341 2504 sum
365 2477 400 2504 te
436 2473 528 2505 mala
561 2483 738 2517 emergere
763 2484 881 2513 cerno,
910 2478 961 2512 ut,
985 2474 1057 2506 nisi
1084 2474 1183 2509 Deus
1210 2474 1274 2505 illa
1297 2474 1451 2518 desuper
1473 2473 1703 2516 discusserit,

263 2518 494 2551 metuendum
519 2518 585 2558 sit,
610 2530 656 2552 ne
679 2520 718 2551 in
742 2519 971 2552 altitudinem
998 2530 1141 2565 quoque
1169 2519 1375 2552 immensam
1401 2526 1630 2561 excrescant,
1655 2532 1702 2555 en

265 2573 330 2607 ego
356 2564 452 2597 ultro
477 2575 518 2597 ac
537 2565 654 2598 libens
673 2576 737 2609 pro
754 2566 870 2598 salute
887 2570 947 2598 tua
968 2577 1042 2598 non
1062 2567 1232 2609 pecunias
1249 2571 1404 2607 tantum,
1427 2566 1607 2604 fortunas,
1626 2578 1703 2601 ser—

263 2617 337 2648 vos,
363 2611 493 2643 amicos
508 2635 518 2651 ‚
541 2610 604 2643 sed
627 2621 685 2644 me
708 2612 826 2655 ipsum
848 2617 1032 2655 praeterea
1058 2614 1190 2652 ostem,
1213 2616 1254 2644 ut
1287 2623 1515 2657 quacumque
1539 2614 1577 2645 in
1602 2624 1640 2646 re
1666 2618 1704 2647 et

265 2655 589 2701 quomodocunque
613 2667 669 2690 me
694 2657 748 2690 uti
773 2659 898 2702 possis.
947 2657 1015 2691 Cui
1035 2659 1164 2702 gratias
1191 2657 1324 2690 diserte
1346 2669 1425 2691 cum
1439 2659 1569 2703 egisset
1584 2660 1702 2703 impe-

264 2705 372 2743 rator,
387 2708 495 2748 atque
508 2701 577 2736 hoc
599 2702 745 2748 insuper
769 2702 975 2738 addidisset:
1003 2703 1090 2737 Cum
1103 2704 1179 2749 ipsa
1194 2703 1253 2737 die
1267 2708 1489 2741 veterascant
1509 2706 1713 2752 paulatum.
