1832 3138
563 78 946 134 'uls’romARUm
989 95 1023 135 ι.
1065 97 1130 140 312.
1474 76 1576 150 167

129 190 582 250 quemamodum,
609 192 815 247 ἐπανῆκεν
837 188 969 244 αὖθις
993 193 1052 244 ὥς
1071 196 1250 249 βασιλέα
1273 193 1348 238 τὸν
1369 195 1676 252 κηδεστήνώβ.
1699 204 1786 240 1322

59 310 61 314 A
107 257 395 312 ὀμωμοκότος
423 258 473 301 δὲ
504 259 577 300 καί
607 254 743 299 αύτοῦ
783 256 863 314 τήν
899 257 1070 315 εἰρήνην
1104 259 1372 305 οἷκατάλυτον
1406 260 1482 303 καί
1515 265 1635 318 βε-Ρ.
1650 270 1719 312 104

125 325 257 378 βαίαν
271 321 471 381 τηρήσειν
488 324 563 367 ἐπὶ
588 322 757 373 τούτοις
777 326 1072 380 γεγενημένην,
1110 323 1220 369 ὥστε
1246 325 1324 383 τήν
1342 328 1423 382 μὲν
1447 324 1587 384 ἀρχὴν

125 390 269 433 πᾶσαν
298 391 384 432 καὶ
422 388 499 445 τήν
533 390 741 445 διοίκησιν
781 391 864 432 τῶν
891 390 1161 446 ,πραγμάτων
1198 393 1311 451 αὐτῷ
1347 391 1587 449 προσήκειν,

50 508 54 511 .
101 452 239 512 ὄπρός
275 455 324 498 δὲ
349 457 529 510 βασιλέα
553 453 626 498 τὸν
657 454 824 511 ἔγγονον
856 453 935 512 τήν
964 456 1238 514 μισθοφορὰν
1275 459 1352 515 τῆς
1386 460 1590 516 στρατιᾶς

126 520 330 564 δίδοσθαι
348 518 503 575 μόνον,
533 517 673 578 ὥσπερ
697 516 750 578 ἦν
776 522 920 571 αύτοῖς
942 523 989 565 ἒν
1010 528 1104 572 ταῖς
1133 524 1371 579 συνθήκαις
1403 540 1588 581 γεγραμ-

59 607 63 613 ·
97 604 100 606 ·
122 585 272 640 μένον,
296 584 356 636 ὥς
387 581 441 629 ἂν
463 590 567 644 παρ’
600 587 737 630 adro&
763 593 986 644 χορηγοῖτο
1009 594 1095 637 τοῖς
1115 587 1414 645 στρατιώταις·
1451 588 1514 632 ἔτι
1539 592 1587 634 δὲ

125 651 200 697 καὶ
223 652 324 709 περὶ
349 653 426 708 τῆς
456 653 782 710 διανεμηθείσης
805 655 880 710 γῆς
907 659 992 704 τοῖς
1015 650 1157 703 αὖτοῖς
1175 653 1354 704 ’τούτοις
1371 655 1607 713 μισθοφό-,

124 725 216 772 ροις
257 715 375 774 παρὰ
401 719 488 760 τῶν
524 717 578 762 τὰ
616 717 800 775 δημόσια
831 717 1101 762 διοικούντων
1137 721 1414 777 ἐνοχλεῖσθαι,
1438 722 1587 776 μηδὲν,

43 782 50 795 ”
73 782 221 832 ιοοῖλλ’
247 782 396 834 αύτοῖς
418 780 729 841 ἀνεπηρέαστον
761 786 1084 842 διατηρεῖσθαι·
1114 789 1190 828 καί
1213 787 1288 842 τῆς
1315 784 1429 836 ἰδίας
1453 786 1586 836 οἰκίας

123 849 244 892 ἕνεκα
273 851 350 893 καί
369 852 588 909 βασιλίδος
619 853 692 908 τῆς
719 847 855 893 adro&
889 850 1085 906 γυναικὸς
1115 850 1232 909 παρὰ
1264 853 1339 894 τοῦ
1365 855 1587 906 βασιλικοῦ

121 915 317 968 ταμιείου
349 912 659 972 ἑξακισχιλίους
681 916 755 959 ἐπὶ
776 916 1046 974 τρισμυρίοις
1071 921 1354 974 χορηγεῖσθαι
1378 919 1585 974 χρυσοῦς.

121 982 198 1024 καὶ
224 982 307 1024 τοῖϊν
343 981 549 1027 τοιούτων
588 981 812 1040 ἐγγράφων
852 979 985 1039 ὅρκων
1027 982 1134 1040 πρὸς
1172 986 1353 1038 βασιλέα
1381 982 1458 1026 τὸν
1497 983 1624 1030 νέονΒ

121 1045 458 1102 ἆπεσταλμένων,
487 1043 596 1106 ἄρας
613 1050 660 1100 ἐξ
675 1043 802 1106 οὗπερ
825 1048 1207 1105 ἐστρατοπεδεύετο
1239 1047 1387 1105 τόπου,
1410 1051 1471 1100 εἰς
1493 1052 1586 1091 Βυ-

32 1159 33 1162 ,
71 1112 292 1164 ιὸζάντιον
319 1108 395 1170 ἧκε
421 1111 496 1157 τὸν
515 1116 696 1168 βασιλέα
720 1112 1036 1171 προσκυνήσων.
1065 1117 1214 1171 ἐξῆλθε
1237 1117 1284 1158 δὲ
1307 1117 1380 1157 καί
1406 1115 1433 1160 ὅ
1457 1119 1584 1169 βασι-

119 1177 219 1230 λεὺς
257 1180 319 1232 εἷς
358 1179 594 1237 ὑπάντησιν
626 1182 702 1223 τοῦ
731 1181 904 1236 ἐγγόνου
941 1183 1016 1224 καὶ
1049 1183 1264 1236 βασιλέως,
1319 1181 1495 1237 πλησίον
1535 1183 1583 1223 δὲ

120 1244 313 1302 α’λλήλων
345 1248 606 1301 γενομένων,
643 1244 845 1300 βασιλεὺς
874 1246 899 1288 ὃ
931 1249 1021 1297 νέος
1049 1245 1294 1303 ἀπεπήδησε
1326 1249 1401 1289 τοῦ
1436 1248 1584 1300 ἵππου,

118 1307 179 1360 ὥς
202 1309 286 1354 ἀπὸ
302 1312 378 1368 γῆς
401 1307 471 1355 οἶα
503 1312 654 1362 δοῦλος
688 1310 762 1355 τὸν
789 1313 969 1367 βασιλέα
999 1311 1368 1369 προσαγορεύσων.
1417 1311 1438 1355 ὅ
1466 1313 1513 1354 δέ
1536 1328 1582 1366 γε

117 1373 497 1433 πρεσβύτεροςτᾶς
517 1377 639 1434 ἡνίας
658 1377 954 1434 ιῖναστρέψας,
991 1373 1171 1434 ἤλαυνεν
1198 1375 1347 1421 ὀπίσω
1384 1378 1581 1433 ἐβούλετο
1591 1385 1682 1431 V.84

4 1432 24 1480 θ’
65 1442 168 1487 ιοδὲ
197 1438 315 1501 αὐτῷ
334 1440 383 1484 τὸ
408 1443 601 1498 τοιοῦτο,
628 1444 689 1499 μή
719 1445 826 1500 πεζῇ
848 1442 922 1486 τὸν
951 1446 1132 1498 βασιλέα
1148 1478 1161 1497 ,
1201 1444 1294 1486 ἀλλ’
1315 1442 1498 1499 ἔφιππον
1520 1440 1580 1485 εἶ-

0 1482 26 1571 ᾗ
117 1522 190 1550 ναι
209 1505 372 1550 δίκαιον
395 1506 474 1564 τήν
492 1507 831 1565 προσαγόρευσιν
854 1513 1085 1552 ποιεῖσθαι.
1124 1508 1222 1560 3309
1242 1507 1324 1566 γὰρ
1352 1507 1581 1565 ἐπεκράτη-

0 1573 10 1586 ³
116 1588 191 1616 σεν
224 1567 410 1630 οῗρχὰἴον
434 1572 551 1631 παρὰ
572 1579 659 1625 τοῖς
681 1574 912 1628 “Ρωμαίων
935 1576 1203 1629 βασιλεῦσιν,
1244 1571 1345 1616 ὅταν
1371 1574 1580 1628 μέλλωσιν

118 1636 316 1694 ἀλλήλοις
359 1639 691 1695 συντυγχάνειν,
730 1639 831 1690 τούς
857 1641 938 1694 μὲν
976 1637 1206 1694 ἑπομένους
1239 1639 1455 1697 ἑκατέροις
1495 1641 1623 1686 ‘cuive

0 1703 22 1763 3
117 1705 258 1748 ἳππων
288 1703 555 1760 καταβάντας
595 1707 776 1748 ἕπεσθαι
811 1707 939 1764 πεζῇ,
1001 1705 1163 1756 αύτούς
1205 1708 1251 1749 δὲ
1288 1707 1580 1760 συμμίξαντας

0 1783 16 1836 ’ἰ
63 1770 345 1828 αὸἑφίππους,
373 1769 449 1814 τὸν
479 1772 559 1826 μὲν
587 1769 793 1829 νεώτερον
815 1772 1011 1827 κύψαντα
1038 1774 1116 1815 τοῦ
1142 1774 1428 1829 πρεσβυτέρου
1450 1775 1576 1826 βασι-

116 1904 242 1940 locuta
265 1910 341 1948 est,
365 1911 705 1954 sacramentumque
727 1907 863 1952 scripto
889 1906 1191 1952 comprehensum
1212 1906 1383 1952 accepit,
1399 1907 1446 1940 ad
1476 1918 1581 1941 soce-

117 1963 198 1987 rum
220 1952 343 1987 rediit.
392 1953 468 1999 Qui
495 1959 538 1989 ut
552 1954 711 1987 vicissim
729 1954 882 1994 iuravit,
911 1965 949 1987 se
966 1965 1091 1999 pacem
1112 1954 1347 1987 insolubilem
1370 1959 1579 1988 constanter

117 2004 343 2033 servaturum
374 2000 415 2033 in
443 1999 507 2034 has
539 2000 771 2034 conditiones
800 2001 952 2041 factam,
987 2001 1043 2034 uti
1077 2012 1184 2034 omne
1216 2001 1412 2045 imperium
1447 2006 1485 2034 et
1512 2013 1578 2046 gu-

116 2044 286 2080 ben-natio
316 2047 486 2081 universa
516 2047 563 2081 ad
593 2058 631 2081 se
658 2048 881 2092 pertineret,
926 2047 1054 2092 nepoti
1091 2048 1358 2093 stipendiorum
1390 2046 1580 2080 dumtaxat

92 2120 94 2123 .
118 2092 254 2127 solutio
275 2093 433 2135 daretur,
445 2099 556 2139 prout
575 2094 616 2127 in
634 2095 750 2139 pactis
774 2096 946 2139 scriptum
963 2098 1081 2127 esset:
1106 2100 1144 2128 et
1161 2095 1216 2127 uti
1236 2093 1367 2128 iisdem
1390 2104 1578 2127 mercena-

117 2139 183 2172 riis
201 2139 385 2174 militibus
402 2146 554 2186 propter
571 2152 672 2186 agros
693 2141 910 2174 distributos
930 2151 950 2172 a
978 2141 1246 2185 magistratibus
1267 2139 1365 2174 nihil
1389 2140 1578 2174 molestia-

117 2196 197 2219 rum
217 2185 474 2229 exhiberetur,
500 2187 564 2221 sed
592 2188 723 2221 intacti
757 2188 832 2221 illis
859 2193 1106 2221 servarentur:
1146 2188 1235 2221 item
1262 2188 1318 2220 uti
1346 2198 1412 2232 pro
1440 2187 1580 2220 familia

119 2233 198 2265 eius
229 2238 268 2267 et
293 2235 447 2279 coniuge
482 2235 636 2279 triginta
657 2246 719 2267 sex
746 2245 936 2268 aureorum
962 2234 1081 2267 millia
1101 2246 1146 2267 ex
1181 2235 1320 2268 aerario
1346 2235 1578 2278 imperatoris

118 2279 392 2323 praeberentur.
441 2280 532 2314 Cum
554 2281 708 2314 iurasset
731 2280 843 2321 haec,
876 2281 1024 2326 inquam
1040 2305 1049 2321 ,
1085 2281 1222 2326 scripto
1243 2280 1414 2314 mandata
1438 2281 1484 2314 ad
1510 2292 1577 2313 ne-

118 2330 242 2371 potem
266 2327 380 2361 misit.
432 2328 465 2361 Is
490 2329 600 2361 motis
624 2329 749 2361 castris
770 2327 986 2372 Byzantium
1006 2328 1100 2360 viam
1126 2329 1271 2368 tenuit,
1295 2332 1337 2360 ut
1356 2338 1460 2360 avum
1484 2327 1580 2360 salu-

119 2377 238 2416 εει-εἰς
289 2374 328 2407 ui
348 2385 388 2408 se
409 2386 561 2421 quoque
585 2374 729 2408 obviarn
750 2375 785 2407 ei
804 2375 902 2408 tulit.
954 2373 1044 2407 Cum
1064 2380 1191 2408 mutuo
1214 2375 1578 2419 appropinquassent,

108 2426 234 2463 ‘nepos
254 2431 274 2453 a
317 2432 338 2454 e
366 2432 414 2454 uo
434 2420 606 2461 desiluit,
630 2427 673 2455 ut
697 2421 799 2454 humi
819 2427 937 2461 stans,
962 2426 1148 2466 tamquam
1178 2433 1301 2456 servus
1326 2422 1579 2464 imperatorem

89 2496 93 2504 x
120 2466 303 2500 salutaret.
341 2433 421 2501 tllle
440 2468 623 2502 conversis
649 2468 806 2501 habenis
838 2467 1078 2501 retrocedere.
1129 2467 1212 2512 Qua
1239 2467 1389 2512 ambage
1414 2468 1578 2500 insinua-

119 2512 196 2553 bat,
221 2510 350 2547 decere
377 2514 648 2559 imperatorem,
672 2515 727 2548 uti
756 2525 871 2559 nepos
895 2519 986 2556 erat,
1015 2526 1090 2548 non
1111 2513 1215 2547 humi
1241 2519 1414 2554 stantem,
1446 2514 1508 2546 sed
1538 2515 1577 2546 iu

119 2570 215 2605 equo
236 2559 430 2594 sublimem
455 2561 677 2595 salutatione
697 2561 810 2606 fungi.
859 2560 973 2594 Vetus
1009 2561 1107 2595 enim
1132 2560 1357 2594 consuetudo
1389 2560 1486 2603 apud
1502 2561 1574 2592 Ro—

119 2615 245 2651 manos
278 2607 516 2652 imperatores
545 2608 711 2654 vigebat,
747 2613 789 2641 ut
818 2618 898 2640 cum
924 2608 1016 2640 alter
1044 2607 1150 2641 alteri
1174 2607 1318 2641 obviam
1353 2607 1477 2646 fieret,
1513 2607 1578 2652 qui

118 2657 316 2700 utrumque
338 2659 601 2701 sequerentur,
625 2667 646 2688 a
662 2655 834 2687 iumentis
851 2653 1127 2694 descendentes,
1150 2653 1309 2699 pedibus
1327 2653 1554 2686 ambularent
1567 2677 1576 2693 ,

121 2698 191 2745 ipsi
211 2699 251 2734 in
275 2700 380 2747 equis
398 2706 587 2736 manentes
620 2700 946 2748 congrederentur3
972 2705 1010 2735 et
1026 2700 1151 2735 iunior
1180 2705 1306 2747 aperto
1333 2699 1432 2746 prius
1458 2700 1577 2745 capite
