1852 3146
554 110 936 156 111s'romA1mM
981 116 1016 162 ι.
1043 118 1112 161 ιω.
1453 112 1566 170 219

113 231 238 273 στην,
275 213 322 261 τὸ
347 212 456 272 πρὸς
482 211 617 267 αὔτόν
644 214 873 270 ἐπιτρέψαι
902 213 1143 256 ἄπελθεῖν·”
1169 209 1352 265 ἐλπίζειν
1377 211 1457 270 γὰρ
1487 216 1566 267 βα-
1576 218 1761 265 A.C.1327

72 293 77 300 '
110 283 235 325 σιλέα
260 278 339 334 τὸν
357 280 450 324 νέον
475 276 660 332 πείσειν,
715 278 760 321 εἴ
779 277 829 321 τί
848 295 892 321 τε
919 278 1162 335 ἡμάρτηται
1187 275 1415 336 πρότερον,
1463 280 1567 321 ε’ποι-

75 363 78 370 ·
113 344 420 406 νορθῶσασθαι
445 347 522 388 καί
547 345 752 403 ἀσφαλῶς
780 344 910 395 εἰς’τὸ
941 342 1034 400 ἑξῆς
1061 342 1115 386 τὰ
1145 345 1291 387 δέοντα
1323 349 1476 398 ποιεῖν,
1515 342 1570 386 τοί

50 468 52 470 ¹
112 429 160 457 τε
184 410 343 467 μεταξὺ
371 409 678 468 προσκόμματα
705 411 779 453 καί
803 409 878 461 τὰς
906 411 1044 458 αἰτίας
1070 411 1144 451 τοῦ
1171 412 1354 462 πολέμου
1383 408 1572 466 ποιήσειν

32 474 317 541 ζ’δέκποδοόν.
343 473 485 534 οἷηδῶς
513 478 560 519 δὲ
589 476 614 518 0‘
640 474 846 531 βασιλεύς
873 474 946 518 ἐπὶ
969 479 1056 524 τοῖς
1084 475 1319 530 εἰρημένοις
1347 475 1572 527 διατεθείς,

30 542 61 590 ’ᾖ
83 556 86 558 ’
109 543 302 600 ,βχρῆιθ
335 539 428 590 εἶπε
454 549 571 596 ,,τοῖς
598 543 714 596 ἐμοῖς
743 538 1129 597 ἄπολυπραγμόνως
1157 541 1382 581 πείθεσθαι
1411 539 1572 594 λόγοις,

32 611 53 670 J
113 607 189 651 καὶ
223 606 272 650 τὸ
313 605 583 662 κελευόμενον
619 608 884 662 ἀντιλέγοντα
920 606 1055 661 μηδὲν
1093 610 1248 647 ποιεῖν·
1298 604 1392 647 ἐπεὶ
1419 606 1459 646 δ’
1488 600 1602 651 minc

28 668 57 731 3
114 670 198 718 οἶδ’
233 668 352 734 ᾧτινι
387 672 606 730 χρώμενος
645 674 830 730 λογισμῷ
855 672 1056 714 τάναντία
1085 669 1160 712 καὶ
1184 672 1318 725 λέγειν
1343 670 1417 712 καί
1441 669 1574 726 πράτ-

29 718 55 847 ῗ
110 752 201 782 rav
225 739 476 797 προῄρησαι,
505 740 602 794 ἐμοὶ
627 740 722 782 δέον
749 742 977 794 συνεργεῖν,
1006 733 1132 786 αὖτὸς
1161 732 1213 778 ἂν
1243 736 1396 791 εἰδείης
1423 734 1452 777 ἃ
1479 735 1574 777 δέον

28 799 288 862 ᾗξᾷιοποιεῖνΡ
312 802 421 848 οὕτω
455 806 537 860 ’μὲν
564 800 641 848 οὖν
666 802 867 859 βασιλεύς
893 819 939 846 τε
966 801 1041 844 καί
1065 800 1332 857 πατριάρχης
1360 801 1574 857 ἀσύμφω-

27 862 50 908 ‘3‘
59 871 62 881 ²
110 888 178 916 νοι
201 877 295 921 ταῖς
321 869 509 928 γνώμαις
526 867 648 928 ἦσαν.
677 868 744 912 διὸ
774 871 847 911 καί
869 867 1014 923 ἐν’μὲν
1033 867 1263 924 βασιλείοις
1288 866 1364 922 τὴν
1384 867 1460 909 τοῦ
1477 868 1573 908 νέου

113 938 321 993 βασιλέως
337 936 536 994 οἷπείρητο
567 939 781 980 ποιεῖσθαι
808 934 989 991 μνήμην·
1013 936 1059 976 ἐν
1090 935 1136 976 δὲ
1162 939 1249 982 τοῖς
1274 931 1381 974 κατὰ
1406 931 1577 982 Βυζάν-

111 1019 204 1047 τιον
231 1007 393 1052 λοιποῖς
413 1002 543 1060 ἱεροῖς
577 1004 651 1045 καί
667 1002 714 1044 ἐν
730 998 848 1060 αὗτῷ
870 1003 929 1059 τῷ
945 1002 1019 1057 τῆς
1045 999 1206 1057 Σοφίας
1225 1002 1301 1042 τοῦ
1319 1000 1425 1041 θεοῦ
1453 999 1578 1052 τεμέ-

110 1070 177 1112 νει
211 1070 270 1128 τῷ
297 1066 408 1126 ἱερῷ,
437 1067 497 1119 ὥς
522 1066 624 1118 ἔθος
649 1063 724 1124 ἦν,
753 1067 780 1123 ἢ
808 1066 951 1123 μνήμη
981 1067 1065 1108 τῶν
1092 1067 1300 1120 βασιλέων
1313 1066 1504 1107 ἐτελεῖτο.
1586 1076 1619 1110 D

60 1137 118 1181 '15
227 1133 309 1190 με’.
358 1132 574 1183 Βασιλεὺς
602 1134 649 1175 δὲ
678 1132 702 1176 ὅ
731 1135 823 1182 νέος
851 1134 897 1175 ἐν
920 1134 979 1190 τῷ
1007 1135 1107 1189 περί
1133 1130 1180 1173 τὸ
1203 1130 1366 1187 Ῥήγιον
1390 1130 1573 1172 Ἐννακό-

38 1208 53 1226 ”’
114 1216 191 1244 σια
217 1201 614 1259 προσαγορευομένῳ
641 1198 786 1257 χωρίῳ
815 1196 897 1240 ἀπὸ
932 1199 1007 1253 τῆς
1037 1194 1174 1255 ἀρχῆς
1208 1196 1392 1251 μα’λιστα
1423 1192 1578 1239 Ὀκτω-

114 1265 242 1323 βρίου
271 1260 377 1322 ἄχρι
405 1267 479 1308 καί
500 1266 762 1320 Δεκεμβρίου
794 1263 1020 1320 διατριβων
1046 1262 1192 1320 μηνὸς,
1222 1265 1354 1306 ἐδεῖτο
1382 1263 1459 1303 τοῦ
1475 1266 1706 1318 πρε-Ἶ.ιο9

114 1332 323 1389 σβυτέρου
339 1332 561 1386 βασιλέως,
588 1329 647 1385 μὴ
669 1325 798 1381 αὖθις
815 1329 868 1372 τά
891 1327 1113 1383 Ῥωμαιῖον
1135 1328 1360 1385 πράγματα
1388 1329 1448 1377 εἰς
1470 1331 1580 1384 φθο-

116 1397 199 1456 ρᾶν
224 1396 300 1440 καὶ
323 1395 516 1454 ταραχήν
543 1397 744 1451 ἐμβαλεῖν
757 1430 771 1450 ,
832 1396 924 1438 ἄλλ’
962 1395 1078 1439 ἔλεον
1114 1397 1199 1438 τῶν
1228 1392 1423 1450 ὑπηκόων
1450 1386 1579 1448 σχόν-

62 1464 193 1518 acra,
217 1461 277 1518 μὴ
307 1461 380 1506 ἐπὶ
404 1463 528 1505 πλέον
555 1460 631 1506 τὸν
656 1463 840 1516 πόλεμον
867 1462 1053 1518 ἐξάγειν.
1100 1461 1159 1511 ὥς
1187 1457 1239 1503 ἂν
1269 1462 1314 1504 δὲ
1343 1458 1476 1503 αὐτὸν
1502 1457 1578 1515 τὴν

32 1534 78 1555 ‘³‘
115 1527 293 1587 εἰρήνην·
313 1527 437 1587 πείσῃ
462 1529 624 1583 μᾶλλον
652 1524 851 1582 ἑλέσθαι,
893 1528 966 1571 καί
989 1529 1169 1571 τοιοῖσδε
1210 1526 1316 1582 πρὸς
1344 1523 1477 1568 αὕτὸν
1506 1523 1577 1568 διὰ
1590 1531 1624 1565 Ρ.
1646 1528 1717 1568 136

99 1595 334 1654 ’πρέσβεων
359 1595 516 1652 ἐχρῆτο
543 1593 705 1651 λόγοις·
745 1597 849 1651 ,,τῆς
876 1596 993 1651 ἐμῆς,
1022 1590 1059 1637 οἶ
1085 1595 1285 1649 βασιλεῦ,
1316 1593 1503 1648 σπουδῆς
1530 1607 1577 1634 τε

0 1693 9 1733 ἷι
116 1697 270 1732 vitatem
291 1696 333 1730 in
359 1693 448 1729 fidei
474 1695 655 1740 capitibus
672 1696 800 1740 nepoti
826 1695 999 1736 obiicere,
1024 1694 1088 1728 sed
1106 1692 1343 1728 iurisiurandi
1363 1691 1575 1726 foederum-

8 1746 9 1749 ’
146 1755 194 1778 ue
218 1745 478 1787 contemptum,
505 1741 711 1787 superbiam
734 1742 884 1786 insuper
911 1747 948 1775 et
972 1742 1242 1776 contumaciam.
1291 1739 1410 1785 Atque
1438 1739 1575 1773 idcirco

119 1755 222 1825 {ilius
265 1787 614 1824 commonefaciendi
657 1793 695 1822 et
734 1788 934 1833 castigandi
968 1800 1076 1822 causa
1110 1789 1204 1821 istuc
1238 1788 1472 1832 excogitasse.
1535 1786 1576 1819 Si

119 1848 242 1872 rursus
267 1835 560 1870 emendationem
585 1846 650 1880 pro
675 1836 846 1880 portione
877 1842 1105 1880 peccatorum
1135 1833 1357 1874 ostenderit,
1383 1845 1442 1874 se,
1475 1831 1576 1880 quod

107 1885 180 1918 eui
199 1883 360 1917 muneris
385 1883 446 1923 sit,
473 1893 550 1916 non
573 1881 834 1927 neglecturum.
881 1883 986 1928 Ergo,
1010 1882 1162 1915 subiicit
1186 1880 1409 1926 patriarcha,
1435 1891 1497 1913 oro
1514 1885 1575 1920 te,

121 1932 319 1976 imperator
362 1931 522 1974 optime,
566 1930 623 1963 uti
657 1927 728 1962 hoc
752 1930 947 1963 maximum
984 1929 1083 1973 apud
1113 1939 1170 1962 me
1206 1928 1425 1961 beneficium
1460 1937 1574 1971 ponas

108 1988 254 2024 ‚meque
276 1976 323 2010 ad
352 1976 458 2010 illum
483 1975 586 2009 abire
609 1977 720 2013 sinas.
758 1977 902 2009 Etenim
926 1978 1136 2010 effecturum
1171 1986 1229 2008 me
1252 1973 1394 2008 divinat
1420 1974 1574 2014 animus,

124 2029 228 2063 ειμι
251 2027 366 2069 ne'pos
381 2047 391 2064 ‚
415 2023 448 2056 si
476 2022 567 2068 quid
591 2022 744 2057 antehac
768 2023 954 2067 peccavit,
991 2023 1031 2056 id
1056 2023 1209 2067 corrigat
1246 2027 1355 2067 atque
1383 2022 1423 2054 in
1449 2026 1575 2065 poste—

123 2082 204 2106 rum
230 2069 330 2117 quod
354 2080 498 2103 suarum
527 2074 582 2103 est
609 2071 766 2115 partium
792 2069 950 2103 fideliter
972 2074 1150 2115 praestet,
1187 2074 1224 2102 et
1248 2067 1467 2102 offendicula
1490 2067 1577 2100 bel-

124 2119 230 2164 lique
257 2117 484 2151 irritamenta
510 2127 530 2150 e
563 2116 685 2150 medio
712 2117 932 2150 auferantur.
983 2117 1051 2150 Hic
1083 2127 1199 2149 sermo
1225 2116 1480 2159 imperatorem
1506 2124 1578 2157 pu-

124 2165 252 2211 pugit:
287 2163 402 2209 Atqui
429 2162 645 2208 oportebat,
670 2164 804 2208 inquit,
828 2164 961 2197 omissa
984 2162 1052 2197 hac
1077 2173 1343 2208 supervacanea
1366 2162 1405 2194 in
1429 2162 1577 2205 negotio

124 2212 246 2246 alieno
266 2208 518 2253 sollicitudine
546 2209 666 2244 verbis
684 2211 774 2243 meis
791 2210 1042 2255 obtemperare
1068 2215 1104 2243 et
1125 2211 1222 2243 iussa
1240 2220 1314 2242 non
1334 2213 1579 2253 repugnanter

126 2258 289 2304 exsequi.
338 2256 411 2291 Sed
436 2257 608 2302 quoniam
633 2258 756 2290 nescio
775 2257 959 2303 quomodo
978 2257 1231 2296 ratiocinatus,
1258 2261 1381 2289 contra
1399 2260 1436 2287 et
1456 2254 1579 2287 dicere

124 2311 167 2341 et
190 2305 307 2342 facere
324 2304 503 2345 maluisti,
530 2314 610 2337 cum
630 2315 770 2337 mecum
786 2304 904 2337 facere
925 2303 1089 2344 deberes,
1118 2304 1196 2348 ipse
1211 2303 1354 2336 noveris
1380 2300 1469 2347 quid
1491 2313 1579 2334 con-

125 2353 260 2387 veniat·
308 2350 387 2386 Hoc
407 2351 534 2397 itaque
561 2350 668 2385 modo
695 2351 892 2395 imperator
917 2355 954 2383 et
977 2349 1179 2395 patriarcha
1203 2350 1396 2383 sententiis
1421 2346 1579 2381 disside-

125 2399 236 2434 bant:
285 2397 384 2432 unde
400 2397 439 2431 in
457 2397 596 2442 palatio
617 2397 765 2444 quidem
784 2397 978 2431 interdicta
998 2403 1073 2430 erat
1090 2397 1234 2441 nepotis
1250 2397 1408 2437 menti03
1435 2395 1472 2427 in
1491 2395 1580 2427 reli-

128 2445 211 2492 quis
235 2450 357 2479 autem
381 2455 448 2490 per
471 2444 598 2478 urbem
621 2444 855 2488 Byzantinam
881 2445 1002 2485 sacris,
1030 2444 1139 2477 etiam
1162 2445 1201 2476 in
1227 2445 1304 2488 ipsa
1327 2442 1416 2475 aede
1441 2441 1579 2486 Sophi-

130 2503 198 2534 ae,
214 2503 403 2526 sacrorum
427 2497 591 2536 tempore
617 2491 758 2525 solenni
785 2502 883 2524 more
906 2496 1059 2536 uterque
1087 2491 1284 2536 imperator
1308 2487 1576 2522 nominabatur.

220 2539 277 2583 45.
326 2538 452 2575 Iunior
470 2538 670 2582 imperator
694 2537 732 2571 in
757 2538 906 2571 castello
930 2538 1152 2578 Ennaeosia,
1186 2549 1261 2570 non
1287 2536 1414 2581 procul
1439 2534 1575 2578 Rhegio

126 2597 148 2619 a
170 2585 352 2631 principio
387 2584 556 2618 Octobris
593 2596 708 2629 usque
745 2583 791 2617 ad
814 2583 1051 2618 Decembrem
1077 2583 1230 2624 sedens,
1261 2594 1365 2617 avum
1400 2581 1594 2626 precaba->

126 2638 200 2671 tur,
235 2642 283 2666 ne
306 2642 382 2665 rem
406 2632 599 2665 Romanam
626 2642 748 2664 rursus
773 2632 812 2664 in
836 2631 1033 2664 tumultum
1059 2631 1333 2675 perniciemque
1358 2629 1580 2666 coniiceret,

128 2677 194 2712 aed
217 2677 465 2713 misericordia
483 2689 632 2711 suorum
656 2678 789 2711 civium
813 2683 945 2718 motus,
972 2677 1110 2710 bellum
1125 2676 1319 2710 inhiberet.
1348 2676 1431 2721 Quo
1457 2680 1579 2707 autem

130 2725 235 2761 illum
261 2724 307 2760 ad
324 2735 448 2771 pacem
474 2724 651 2766 flecteret,
676 2726 728 2759 sic
749 2735 815 2770 per
831 2725 967 2770 legatos
987 2725 1077 2770 egit:
1109 2723 1322 2759 Sedulitatis
1344 2727 1382 2757 et
1410 2721 1578 2766 volunta-
