1786 3126
284 114 304 148 1
316 114 349 148 O
811 108 1178 151 CANTACUZENI

274 229 354 255 nov
387 210 503 267 δίκην
521 210 867 267 μεταφερομένων
891 208 965 252 ἀεῖ
990 207 1063 251 καὶ
1082 207 1386 250 ἀστατούντων.
1423 208 1474 250 οὖ
1503 206 1590 270 μὴν
1612 207 1721 258 ἀλλά
1744 243 1748 255 ,.

226 287 258 319 D
275 277 348 320 καί
372 279 454 320 τῶν
489 277 563 318 τοῦ
586 276 688 316 θεοῦ
721 274 933 332 κριμάτων
956 272 1003 315 τὸ
1027 273 1158 328 βάθος
1183 277 1379 329 φανεῖται
1401 274 1459 330 τῷ
1478 274 1716 332 βουλομένῳ

273 348 358 391 τοῖς
391 340 605 397 πράγμασι
640 341 859 396 προσέχειν
892 340 1108 393 ἐπιμελῶς.
1158 337 1307 379 τούτου
1337 335 1389 394 δὴ
1410 337 1536 394 χάριν
1556 331 1716 386 ὤκνουν

273 404 445 450 ἐπιπολὺ
471 406 556 448 τῶν
579 404 711 460 λόγων
743 401 941 460 ἅψασθαι
977 401 1178 457 τουτωνί,
1213 404 1288 457 τῆς
1323 403 1547 459 διηγήσεως
1567 403 1718 449 ἀναλο.

270 469 481 526 γιζόμενος
506 467 555 511 τὸ
585 470 800 518 πολυειδὲς
833 467 907 511 καί
938 467 1136 510 ποικίλον·
1212 465 1306 508 ἐπεὶ
1338 468 1386 509 δὲ
1417 465 1561 524 φιλίας
1595 466 1753 530 οὖὸὲνῤ4

271 532 541 591 ἰσχυρότερον
565 534 662 577 οὐδὲ
682 534 967 590 πιθανώτερον
988 531 1060 575 καί
1078 537 1163 581 τοῖς
1184 532 1288 589 ὑπὲρ
1313 531 1490 587 δύναμιν
1502 533 1717 590 ἐγχειρεῖν,

191 610 225 643 P.
240 599 404 658 4ταύτῃ
424 599 615 654 βιασθείς
647 597 758 654 κάγώ
790 594 869 655 ἤδη
893 594 1078 656 ἄρχομαι
1110 595 1316 652 Mutum-15
1341 598 1388 640 δὲ
1415 598 1489 654 τῆς
1519 594 1717 654 ἀληθείας

270 662 368 715 θεὸς
401 663 460 721 μὴ
488 665 669 722 περιέλοι
697 663 813 719 λόγον
847 663 1045 720 ἀληθείας
1081 664 1127 705 ἐκ
1163 661 1368 716 στόματός
1398 679 1496 716 μου·
1554 663 1603 705 οὔ
1636 661 1715 725 γὰρ

272 727 476 789 ἀπεχθείᾳ
496 729 580 772 τινὶ
600 725 628 786 ἢ
651 729 782 788 φιλία,
809 731 853 781 ἐξ
874 724 933 772 ὧν
954 727 1000 772 τὸ
1012 729 1169 783 ψεῦδος
1191 725 1364 771 ἐπιπολὺ
1385 727 1588 782 τίκτε-ται,
1615 726 1718 785 πρὸς

270 795 442 846 τούτους
465 795 663 852 ὖπήχθην
685 794 782 846 τοὺς
813 796 976 850 λόγους,
1023 795 1110 837 ἀλλ’
1130 794 1329 850 ἀληθείας
1361 796 1480 838 ἕνεκα
1511 793 1585 838 καὶ
1614 793 1737 851 πρὸςι

271 859 469 918 ἀληθείας
493 859 670 918 ἐραστὴν
702 861 874 911 τούτους
907 862 1116 915 ποιοῦμαα
1177 859 1241 903 ἔτι
1264 862 1311 908 δὲ
1345 853 1434 903 οὐδ’
1453 856 1554 918 ἀκοῇ
1585 862 1721 904 ταῦτα

275 925 378 983 πρὸς
410 928 495 970 τῶν
524 925 808 983 παλαιοτέρων
840 925 1105 983 παρειληφώς
1139 921 1166 981 ἢ
1203 925 1362 982 φήμαις
1398 925 1616 982 προσέχων
1649 924 1723 968 καὶ

240 993 427 1047 Βμύθοις
446 992 562 1047 ὑγιὲς
582 987 704 1035 οῦδὲν
724 990 913 1046 ἔχουσιν,
942 993 986 1043 ἐξ
1008 986 1066 1034 αἷν
1088 993 1323 1048 συμβέβηκε
1346 996 1432 1040 τοῖς
1454 993 1616 1042 πολλοῖς
1635 992 1718 1034 τῶν

1339 1052 1353 1068 3
1405 1052 1420 1067 ἱ
1452 1053 1461 1068 ἱ
1515 1055 1529 1070 Ἴ

272 1059 546 1114 συγγραφέων
561 1056 908 1113 ἀποπλανηθῆναι
928 1058 1002 1112 τῆς
1027 1053 1239 1112 ἀληθείας,
1267 1057 1343 1098 ἀλλ
1366 1071 1490 1106 αυτος
1507 1052 1572 1113 eq?
1586 1052 1717 1099 ἅπασι

271 1120 417 1179 παρών
445 1120 519 1164 καὶ
547 1121 604 1171 ὥς
628 1120 763 1164 ἔνεστι
791 1121 974 1175 μάλιστα
1000 1122 1164 1178 τάληθῆ
1198 1120 1296 1178 περὶ
1318 1121 1486 1164 πάντων
1514 1119 1626 1178 εἴπερ
1651 1125 1770 1171 τιςι5

270 1186 415 1244 εἰδώς,
445 1184 553 1230 οὕτω
576 1185 626 1243 δη
652 1186 876 1244 ποιήσομαι
896 1185 972 1243 τὴν
999 1186 1097 1244 περὶ
1116 1183 1255 1229 αὐτῶν
1281 1187 1493 1243 διήγησιν,
1520 1183 1596 1243 τὴν
1616 1181 1716 1243 ἀλή-

270 1255 393 1296 θειαν
424 1252 755 1309 προστησάμενος
788 1251 861 1294 καί
883 1252 1016 1308 πάσης
1040 1247 1165 1308 ἄλλης
1189 1251 1325 1302 αἰτίας
1352 1248 1484 1307 αὗτὴν
1514 1249 1716 1308 προτιμή-

274 1335 364 1368 σας.
411 1318 451 1360 εἷ
473 1316 524 1375 δὴ
552 1317 604 1360 σὺ
633 1320 714 1372 μὲν
744 1313 944 1374 ἀληθείας
974 1315 1151 1374 ἐραστὴς
1160 1351 1174 1371 ,
1218 1318 1294 1371 ἐμέ
1323 1333 1368 1359 τε
1402 1313 1524 1360 ούδέν
1553 1317 1645 1359 ἐστι
1668 1311 1715 1358 τὸ

237 1389 416 1430 (ξπεῖσον
438 1382 592 1439 ταύτης
622 1379 851 1438 ἀποστῆναι
873 1382 944 1425 διὰ
967 1385 1100 1438 πάσης
1121 1385 1194 1439 τῆς
1218 1381 1453 1439 διηγήσεως,
1479 1381 1590 1437 ἔχεις
1616 1377 1713 1438 ὅπερ

271 1448 447 1499 ἐπόθεις.
492 1443 604 1500 ἄξιον
626 1451 672 1492 δὲ
689 1447 835 1505 μικρὸν
861 1442 1022 1501 ἄνωθεν
1047 1445 1267 1503 ἀναλαβεῖν
1285 1446 1360 1504 τὴν
1388 1446 1532 1504 σειρὰν
1551 1449 1625 1489 τοῦ
1646 1447 1767 1502 γέ-πο

269 1531 367 1564 νους
383 1516 465 1557 τῶν
479 1515 697 1569 βασιλέων,
725 1513 782 1563 ὥς
803 1509 855 1556 ἂν
877 1513 1093 1570 εἰδείημεν,
1126 1513 1190 1563 τίς
1213 1515 1258 1556 ἐκ
1277 1513 1388 1563 τίνος
1410 1511 1507 1570 ἔφυ,
1534 1511 1650 1562 τίνας
1669 1515 1718 1554 τε

270 1578 399 1629 αὐτὸς
433 1577 608 1628 τετοκώς
638 1572 731 1621 τίνα
753 1580 977 1635 προέστησε
999 1577 1257 1632 βασιλεύειν,
1303 1577 1401 1628 τοὺς
1421 1572 1570 1628 ἄλλους
1589 1594 1716 1621 κατοι-

270 1643 425 1702 στὴσας
447 1648 576 1686 τελεῖν
601 1642 668 1687 ὑπ’
694 1642 831 1687 αὖτὸν.

363 1705 393 1738 8.
418 1695 473 1748 μὴ
497 1702 679 1748 περιέλοι.
706 1703 831 1736 Psalm.
861 1703 933 1738 118.
957 1702 1037 1736 ED.
1058 1702 1100 1737 Ρ.

271 1758 335 1791 alii
360 1759 468 1802 plane
491 1769 593 1791 secus
622 1758 851 1792 continenter
877 1758 948 1792 huc
972 1759 1060 1792 illuc
1082 1758 1209 1804 Euripi
1232 1758 1347 1792 instar
1371 1757 1570 1792 fluitarunt.
1648 1758 1714 1793 uin

271 1805 380 1837 etiam
407 1806 438 1837 si
462 1805 541 1850 quis
569 1804 763 1852 dili-genter
789 1803 845 1837 his
870 1805 978 1838 rebus
1001 1804 1188 1838 attendere
1213 1805 1371 1838 animum
1404 1804 1583 1845 voluerit,
1643 1806 1714 1839 ivi-

269 1862 398 1883 norum
422 1861 568 1896 quoque
593 1850 810 1883 iudiciorum
835 1850 1015 1895 profunda
1033 1850 1290 1895 deprehendet.
1333 1850 1455 1896 Quare
1477 1861 1558 1884 curn
1578 1861 1714 1898 propo-

270 1897 361 1929 sitae
385 1897 600 1930 narrationis
621 1897 862 1941 multiplicem
886 1898 1098 1931 varictatem
1129 1897 1175 1931 ob
1202 1898 1324 1931 oculos
1349 1907 1543 1941 ponerem,
1580 1898 1715 1944 ecquid.

268 1954 327 1976 me
350 1943 395 1975 ad
420 1942 648 1976 scribendum
673 1942 814 1983 darem,
840 1943 902 1976 diu
930 1944 968 1976 in
994 1944 1132 1977 incerto
1156 1943 1279 1976 habui.
1340 1943 1478 1976 Tamen
1502 1942 1589 1989 quia
1616 1942 1712 1977 nihil

269 1989 428 2022 amicitia
446 1990 630 2033 potentius
642 2014 651 2029 ,
676 2001 743 2022 nec
762 1989 808 2022 ad
823 1989 1052 2034 suscipienda
1071 1990 1130 2023 vel
1147 1990 1285 2022 maiora
1304 1988 1442 2023 viribus
1470 1999 1580 2023 onera
1601 1989 1710 2036 quid-

269 2046 378 2081 quam
403 2035 582 2068 efficacius
597 2060 607 2075 ‚
638 2035 721 2068 ideo
748 2047 812 2079 ego
838 2047 983 2082 quoque
1006 2035 1051 2068 ad
1077 2035 1307 2068 scribendum
1332 2033 1482 2075 accedo,
1506 2035 1625 2068 Deum
1645 2047 1711 2070 ve-

268 2081 387 2114 ritatis
413 2086 519 2114 antea
543 2086 808 2126 comprecatus,
849 2093 895 2115 ne
923 2081 1073 2115 verbum
1098 2082 1262 2115 veritatis
1285 2082 1430 2114 auferat
1454 2080 1498 2114 de
1524 2091 1586 2114 ore
1613 2093 1708 2116 meo.

266 2126 350 2162 Non
379 2128 476 2160 enim
505 2127 589 2160 odio
615 2133 678 2160 aut
700 2128 831 2173 gratia,
863 2127 1134 2161 mendaciorum
1158 2128 1371 2174 plerumque
1396 2127 1621 2172 parentibus,
1644 2127 1712 2161 ad-

269 2172 417 2210 ductus:
458 2173 522 2206 sed
546 2174 709 2207 veritatis
734 2173 853 2207 studio
881 2178 918 2207 et
941 2175 1101 2208 veritatis
1127 2174 1332 2208 amantibus
1357 2173 1513 2208 scribere
1542 2184 1601 2207 me
1623 2186 1711 2219 pro-

267 2219 384 2255 fiteor.
422 2219 476 2252 Ad
501 2219 571 2253 hoc
595 2232 668 2253 non
694 2221 764 2253 ista
791 2231 811 2252 a
834 2220 1032 2253 maioribus
1056 2226 1144 2254 natu
1170 2220 1304 2261 didici,
1338 2225 1400 2253 aut
1425 2220 1541 2253 famae
1566 2221 1709 2254 auscul-

271 2270 351 2299 tans
375 2265 552 2300 fabulisve
570 2266 715 2311 ineptis,
742 2266 874 2312 quibus
899 2265 1042 2312 decepti
1060 2267 1227 2313 plerique
1252 2267 1443 2311 scriptores
1475 2277 1496 2299 a
1520 2271 1617 2300 recto
1642 2267 1708 2300 iti-

267 2322 355 2345 nere
381 2311 614 2344 aberrarunt:
641 2312 704 2346 sed
723 2312 800 2357 ipse
825 2324 889 2357 ego
914 2324 1083 2357 praesens
1109 2312 1276 2347 omnibus
1299 2313 1461 2353 interfui,
1479 2313 1705 2359 singulaque,

269 2359 300 2391 si
327 2359 517 2405 quisquam
542 2359 656 2399 alius,
683 2359 972 2403 perspectissima
995 2358 1155 2401 habens,
1182 2365 1224 2392 ut
1247 2364 1393 2405 potero,
1421 2370 1464 2392 ea
1490 2370 1708 2393 commemo-

269 2403 379 2438 rabo:
406 2406 691 2451 veritatemque,
715 2410 787 2438 tam
817 2416 897 2438 uam
920 2417 1069 2451 scopum
1087 2406 1244 2447 intuens,
1269 2415 1484 2452 quacunque
1509 2405 1581 2438 alia
1600 2416 1708 2438 causa

267 2451 446 2495 potiorem
474 2450 612 2484 ducam.
663 2450 804 2496 Quamo
833 2463 908 2484 rem
933 2453 964 2485 si
988 2458 1050 2493 tu,
1083 2453 1185 2494 Nile,
1220 2452 1297 2486 veri
1323 2451 1562 2496 pernoscendi
1586 2463 1623 2485 es
1642 2463 1706 2484 cu-

267 2496 397 2541 pidus:
431 2496 525 2529 nihil
550 2502 670 2530 autem
696 2498 765 2530 erit
790 2497 888 2543 quod
912 2510 969 2531 me
995 2509 1059 2544 per
1082 2504 1194 2532 totam
1218 2498 1461 2531 narrationem
1485 2497 1530 2530 ab
1556 2508 1599 2532 eo
1620 2509 1706 2530 avo-

269 2547 347 2576 cet:
372 2543 435 2576 fiet
460 2543 621 2587 profecto
649 2544 747 2588 quod
772 2545 984 2589 concupisti.
1032 2545 1164 2579 Verum
1184 2545 1291 2590 paulo
1325 2554 1435 2589 supra
1460 2544 1705 2589 genealogiam

269 2588 393 2622 domus
415 2590 664 2634 imperatoriae
689 2591 788 2623 iuvat
808 2596 971 2635 repetere
986 2617 996 2632 ‚
1020 2595 1062 2625 ut
1079 2592 1339 2638 intelligamu8‚
1372 2590 1453 2636 quis
1479 2601 1499 2623 a
1528 2601 1600 2636 quo
1620 2601 1705 2635 pro-

268 2641 427 2675 creatus,
453 2641 489 2668 et
506 2647 658 2680 quorum
676 2647 719 2669 ex
744 2647 781 2670 se
807 2637 886 2681 ipso
907 2643 1073 2673 natorum
1098 2650 1205 2685 quem
1229 2636 1381 2683 imperio
1406 2635 1618 2682 admoverit,
1643 2646 1702 2670 re-

267 2681 378 2728 liquis
407 2682 492 2716 filiis
515 2681 600 2716 huic
619 2693 744 2728 parere
768 2683 883 2718 iussis.
