1832 3132
321 83 428 143 352
801 98 803 100 ·
856 90 1223 135 CANTACUZENJ

134 215 213 251 ΑΒ.
233 203 372 260 13295}
397 197 454 244 ὧν
481 200 540 247 εἷς
562 195 634 251 τὴν
667 192 891 248 ὑστεραίαν
913 192 1037 234 αὐτοὶ
1064 195 1142 246 μὲν
1169 191 1274 250 ἔργῳ
1308 186 1758 248 προῦκαλούμεθα;εῑς;
1820 199 1832 250 ⁴4

319 265 478 321 μάχην·
523 263 668 303 ἐκεῖνοι
697 260 735 299 δ’
754 257 829 299 οὐκ
861 254 1088 313 ἀξιόχρεως
1109 255 1264 307 αὖτοὺς
1286 256 1537 310 νομίζοντες,
1578 254 1756 310 ἔμειναν
1821 253 1832 305 ἰ

319 328 490 375 ἑστῶτες
515 326 585 366 ἐπὶ
604 323 686 365 τῶν
711 319 1040 377 ὄχυρωμάτων.”
1079 322 1283 362 ’Τοιαῦτα
1305 323 1381 363 τοῦ
1411 320 1592 376 μεγάλου
1623 323 1757 374 ὃομεε
1825 316 1832 377 3

318 395 459 437 στίκου
479 390 836 445 βουλευσαμένου,
866 384 899 441 ὅ,
912 403 957 429 τε
978 384 1178 439 Υβασιλεὺς
1198 388 1382 428 ἐπείθετο
1399 387 1550 428 αὐτίκα
1571 388 1644 428 και)
1661 393 1748 436 τοῖς

318 454 455 506 ἄλλοις
482 452 632 511 ἄριστα
656 451 802 495 ἐδόκει.
847 453 918 494 καί
939 453 1023 494 τῶν
1046 450 1225 506 σημείων
1245 451 1455 506 ἀρθέντων
1474 448 1564 504 ἅμα
1585 453 1656 493 καί
1675 450 1782 505 τῆς5
1830 450 1832 478 ³

318 516 537 576 σάλπιγγος
567 515 784 570 ἀνάζευξιν
814 515 1073 572 σημηνάσης,
1127 513 1230 571 πρὸς
1264 513 1311 557 τὸ
1345 515 1618 572 στρατόπεδον
1641 512 1749 568 ἐχώ-

319 602 433 643 ρουν,
461 585 759 633 παιωνίσαντες
777 582 834 632 ὥς
856 581 926 624 ἐπὶ
944 581 1044 637 νίκῃ.
1096 577 1308 637 Ὀρχάνης
1328 581 1374 622 δὲ
1396 578 1517 639 αὐτὸς
1535 583 1614 634 μὲν
1637 578 1752 632 ἐμει-

284 661 390 694 Βνεν
415 651 486 693 ἐπί
503 651 576 692 τοῦ
600 648 729 705 λόφου
756 645 802 690 τὸ
828 645 933 689 πολύ
972 638 1060 702 τῆς’
1079 647 1272 702 στρατιᾶς
1301 643 1434 699 ἔχων,
1475 646 1602 702 μέρος
1626 645 1680 687 δέ
1709 659 1753 686 τι

316 718 486 771 πέμψας
514 714 779 769 παρέπεσθαι
822 712 1009 754 ἐκέλευσε
1050 709 1281 764 “Ρωμαίοις
1310 705 1414 765 ἄχρι
1452 709 1752 766 στρατοπέδου.

320 786 366 826 ἐκ
395 782 441 823 δὲ
470 780 543 835 τῆς
567 776 793 831 εΡωμαίων
829 778 1024 829 στρατιᾶς
1058 774 1097 816 οἱ
1124 774 1304 829 μάλιστα
1335 775 1539 831 ἡβῶντες,
1591 771 1642 817 οὗ
1667 776 1806 819 τῶνιο

318 846 616 901 εὖγενεστέρων
640 840 779 897 μόνον,
808 840 914 883 ἄλλά
936 839 1009 882 καί
1035 842 1108 896 τῆς
1134 835 1260 895 όῖλλης
1281 841 1494 896 στρατιᾶς,
1521 839 1619 890 τοὺς
1637 841 1756 895 ,Πέρ-

319 901 397 961 σας
423 906 563 958 αὗτοΐς
589 905 763 964 δρῶντες
790 904 1027 959 ἑπομένους,
1057 902 1124 949 οἶα
1152 907 1237 948 νέοι
1264 905 1337 947 καί
1363 905 1636 949 δυσκάθεκτοι
1659 910 1749 956 ταῖς

319 974 479 1032 ὁρμαῖς,
506 975 587 1015 τῶν
608 971 762 1022 τάξεων
786 970 958 1021 ἐξιόντες
985 972 1065 1012 τῶν
1087 971 1312 1026 σφετέρων,
1340 967 1598 1017 ὑπελείποντο
1625 969 1756 1019 ὀπίσω

319 1043 495 1087 καὶτοῖς
513 1035 740 1093 βαρβάροις
773 1037 1067 1079 συνεπλέκοντο
1101 1036 1145 1085 ἐξ
1181 1034 1368 1091 ἐφόδων.
1406 1035 1428 1084 ὃ
1455 1037 1583 1092 μέγας
1611 1038 1659 1079 δὲ
1688 1037 1759 1078 δο-

319 1107 508 1160 μέστικος
523 1096 605 1157 ’τήν
626 1117 669 1143 τε
692 1101 889 1156 ἀκαιρίαν
909 1097 1178 1154 ὑποπτεύων,
1219 1095 1318 1156 (ἤδη
1337 1099 1423 1157 ’γὰρ
1457 1097 1536 1155 ὀψὲ
1553 1096 1640 1156 ἧν,)
1685 1098 1810 1145 ’καὶιὸ

322 1167 468 1217 δεδιώς
489 1168 583 1222 περὶ
606 1171 693 1214 τοῖς
712 1162 990 1219 στρατιώταις
1009 1163 1068 1220 μή
1095 1181 1136 1206 τι
1163 1170 1251 1213 τοῖς
1282 1164 1512 1221 βαρβάροις
1529 1180 1759 1222 κακουργη-

319 1237 377 1292 θῇ
394 1235 491 1287 περί
515 1230 682 1284 αὐτοὺς,
697 1226 831 1280 ἄλλως
851 1247 895 1272 τε
920 1233 991 1272 καί
1011 1232 1067 1272 δι’
1089 1228 1212 1286 ὀργῆς
1238 1227 1391 1280 αὖτοὺς
1417 1228 1760 1284 ποιούμενος»ὅ,τι

320 1299 426 1355 μήτε
449 1300 651 1351 βασιλέως
673 1293 1010 1352 προστεταχότος,
1031 1295 1129 1350 μήτ’
1151 1294 1283 1337 αὐτοῦ
1310 1298 1382 1350 τῆς
1406 1294 1631 1349 “.Ρωμαίων
1653 1311 1760 1351 συμ-

321 1364 455 1418 πάσης
475 1361 794 1418 στρατηγοῦντος
813 1361 1032 1415 στρατιᾶς,
1073 1357 1257 1410 ἀτάκτως
1283 1360 1354 1402 καί
1382 1358 1649 1415 συνθήματος
1670 1378 1760 1415 χω-

287 1430 391 1485 (ἱρίς
417 1432 501 1476 τοῖς
527 1425 757 1480 βαρβάροις
779 1427 1080 1477 συμπλέκονται
1109 1423 1343 1478 λειπόμενοι
1372 1424 1526 1479 ὄπίσω,
1573 1423 1649 1481 τήν
1677 1427 1814 1479 μὲναο

325 1495 508 1549 σημαίαν
536 1491 608 1532 καί
629 1487 674 1531 τὸ
699 1487 836 1543 τάγμα
858 1487 905 1530 τὸ
933 1487 1005 1530 ὑπ’
1029 1487 1160 1532 αὖτὸν
1189 1487 1253 1532 ἓνί
1283 1492 1366 1532 τῶν
1402 1488 1761 1547 ὑποστρατηγούν-

256 1587 266 1594 ,
325 1573 409 1600 των
430 1557 543 1612 αὖτῷ
567 1552 805 1610 παραδούς,
832 1554 890 1603 εἷς
915 1552 962 1595 τὸ
985 1552 1259 1608 στρατόπεδον
1289 1555 1449 1598 ἐκέλευε
1474 1562 1652 1611 χωρεῖν·
1678 1552 1762 1598 αὖ-

326 1620 398 1671 τὸς
422 1622 473 1661 τδὲ
498 1618 657 1672 ὀλίγους
683 1617 862 1671 λογάδας
883 1617 1163 1673 παραλαβών,
1204 1619 1354 1674 ἐχώρει
1375 1617 1481 1677 πρὸς
1505 1618 1601 1669 τοὺς
1626 1635 1765 1673 μαχο-

328 1688 476 1740 μένους
507 1690 594 1733 τοῖς
619 1682 867 1740 βαρβάροις,
923 1679 1013 1735 ἅμα
1044 1685 1122 1736 μὲν
1156 1685 1228 1738 τῆς
1259 1682 1399 1739 μάχης
1427 1681 1668 1740 άποστὴσων
1692 1685 1766 1726 καί

329 1746 437 1802 ἄξων
460 1750 558 1802 μεθ’
581 1744 732 1789 ἑαυτοῦ
755 1745 858 1802 πρὸς
877 1746 950 1802 την
973 1745 1194 1803 στρατιάν,
1230 1743 1320 1801 ἅμα
1352 1749 1398 1791 δὲ
1427 1751 1500 1792 καὶ
1528 1749 1645 1805 δίκην
1672 1750 1817 1794 ἐπι-’35

331 1897 392 1920 eos
408 1883 714 1931 provocaverimus
729 1907 739 1924 ,
764 1882 820 1915 illi
839 1892 921 1915 vero
944 1892 981 1915 se
1005 1882 1159 1926 impares
1182 1881 1404 1924 iudicantes,
1427 1884 1467 1917 in
1497 1884 1574 1918 illis
1606 1884 1767 1918 locorum

331 1933 494 1966 claustris
516 1931 663 1963 haerere
691 1929 924 1974 perrexerint.
973 1928 1068 1960 Huic
1093 1928 1243 1962 consilio
1269 1930 1463 1974 imperator
1495 1931 1613 1964 statim
1646 1942 1768 1964 assen-

331 1980 401 2019 sit,
437 1978 619 2021 ceterique
659 1981 701 2008 ut
733 1976 907 2017 optimum
947 1975 1103 2017 amplexi
1138 1980 1237 2017 sunt3
1267 1976 1488 2021 sublatisque
1521 1976 1649 2022 signis,
1684 1987 1767 2010 cum

329 2024 443 2058 tubae
474 2024 638 2066 clangore
667 2022 706 2053 in
739 2026 850 2053 castra
884 2019 1105 2063 triumphum
1135 2026 1301 2055 canentes
1335 2021 1529 2055 redierunt.
1584 2022 1766 2056 Orchanes

332 2081 414 2104 cum
438 2079 583 2112 corpore
602 2067 777 2100 exercitus
800 2067 839 2098 in
856 2066 1009 2098 collibus
1030 2066 1239 2107 subsistens,
1262 2073 1401 2112 partem
1433 2069 1591 2113 aliquam
1618 2069 1767 2108 dimisit,

332 2126 425 2161 quae
450 2116 624 2147 Romanos
644 2111 813 2157 usquead
837 2118 951 2144 castra
978 2112 1224 2146 insectaretur.
1273 2114 1325 2146 Ex
1357 2115 1520 2147 Romanis
1550 2120 1668 2148 autem
1703 2115 1767 2159 qui

333 2165 450 2193 aetate
482 2159 652 2203 vigebant
689 2159 867 2199 maxime,
899 2169 972 2190 non
999 2158 1044 2191 de
1076 2158 1318 2192 nobilioribus
1354 2159 1482 2200 modo,
1513 2160 1576 2194 sed
1601 2161 1766 2206 gregariis

333 2207 467 2244 etiam,
493 2207 612 2238 Persas
650 2205 752 2249 sequi
784 2203 1064 2247 conspicientes,
1090 2210 1131 2237 ut
1160 2205 1307 2238 iuvenes
1334 2210 1371 2238 et
1396 2206 1613 2249 impotentes
1645 2207 1768 2248 animi,

333 2251 520 2286 ordinibus
553 2251 701 2283 desertis
719 2275 728 2290 ,
753 2255 847 2282 retro
868 2260 911 2282 ex
933 2250 1063 2282 itinere
1083 2261 1162 2283 cum
1183 2251 1227 2283 iis
1247 2251 1513 2285 concurrebant.
1561 2253 1608 2286 At
1622 2264 1767 2297 magnus

334 2298 549 2331 domesticus
580 2296 626 2329 ob
657 2301 795 2339 tempus
824 2295 1087 2328 incommodum
1115 2297 1258 2336 (serum
1295 2298 1390 2330 enim
1417 2297 1492 2332 diei
1523 2298 1619 2344 erat)
1643 2298 1769 2332 formi-

333 2343 435 2383 dans,
459 2353 505 2375 ne
523 2341 612 2387 quid
634 2342 767 2374 milites
786 2353 804 2373 a
819 2341 978 2374 barbaris
994 2343 1197 2386 acciperent
1221 2343 1321 2375 mali:
1347 2343 1458 2376 iratus
1480 2344 1644 2389 insuper,
1669 2343 1768 2389 quod

332 2400 452 2434 neque
475 2389 715 2432 imperatoris,
740 2398 858 2432 neque
879 2399 963 2428 sua,
991 2389 1055 2432 qui
1074 2394 1191 2421 totum
1215 2389 1410 2422 Romanum
1435 2391 1629 2423 exercitum
1655 2389 1767 2423 duce-

333 2440 410 2476 ret,
436 2435 669 2474 auctoritate,
695 2433 843 2466 confuse
863 2439 899 2465 et
915 2434 1152 2478 incomposite
1172 2445 1251 2466 cum
1269 2433 1427 2468 barbaris
1451 2441 1545 2468 retro
1565 2435 1766 2469 subsisten-

331 2485 386 2515 tes
413 2480 641 2518 dimicarent,
666 2479 835 2512 vexillum
857 2484 894 2511 et
916 2491 1040 2523 agmen
1065 2490 1167 2512 suum
1191 2481 1256 2513 uni
1280 2479 1346 2512 suh
1373 2491 1410 2513 se
1443 2481 1572 2514 ducum
1609 2481 1766 2522 tradens,

332 2527 373 2560 in
390 2531 503 2559 castra
538 2530 579 2559 ut
602 2529 765 2569 pergeret
793 2525 1099 2569 mandavit;,ipse
1123 2536 1203 2558 cum
1228 2526 1352 2570 paucis
1372 2526 1520 2560 delectis
1543 2527 1588 2560 ad
1610 2539 1682 2568 eos,
1702 2528 1767 2573 qui

333 2583 414 2606 cum
434 2571 596 2604 barbaris
615 2570 832 2615 pugnabant,
847 2571 1070 2615 properavit3
1095 2576 1132 2604 et
1157 2576 1198 2604 ut
1215 2578 1342 2616 coepto
1368 2579 1550 2607 revocatos
1577 2585 1696 2607 secum
1719 2572 1766 2606 ad

332 2618 512 2663 reliquum
540 2618 735 2650 exercitum
768 2616 974 2650 reduceret:
1005 2623 1043 2650 et
1071 2622 1113 2650 ut
1141 2628 1293 2661 poenam
1326 2618 1492 2652 ordinum
1523 2619 1764 2654 desertoribus

334 2663 494 2699 debitam
517 2663 727 2710 imponeret.
774 2661 909 2699 Eadem
929 2663 1096 2710 cogitatio
1118 2663 1343 2710 imperatoris
1371 2665 1466 2707 fuit,
1491 2666 1555 2711 qui
1586 2677 1667 2700 suas
1702 2675 1765 2699 co-
