1852 3146
312 95 340 139 2·
356 103 373 137 1
385 84 420 143 6
836 94 1206 139 mNTAcozssm

110 208 188 243 ΔΕ.
211 210 294 255 ¹327
305 202 387 243 τῶν
413 195 682 253 ἆβουλὴτων,’
701 195 778 237 οῦκ
801 195 955 254 ἐκείνῳ,
976 192 1067 238 ἄλλ’
1089 193 1227 254 ἑαυτῷ
1250 195 1327 253 τὴν
1349 196 1485 240 altam
1504 194 1747 251 λογίζεσθαι

304 261 675 320 παρεσπονδηκότι.
702 260 856 304 τούτων
881 260 1067 312 οἰκούσας
1090 260 1113 303 ὅ
1133 263 1223 311 νέος
1248 260 1460 316 βασιλεῦς,
1489 257 1642 317 ἤλγησε
1667 261 1747 315 μὲν

307 327 387 383 οὔχ
399 325 549 383 ἥκιστα
565 328 636 370 ἐπὶ
655 331 749 376 ταῖς
769 327 991 381 ἀγγελίαις·
1004 327 1157 383 μικρὸν
1177 327 1225 369 δὲ
1244 325 1443 381 ἐπισχών,
1460 325 1747 382 ,,ἒβουλόμην”

305 391 394 436 εἶπε
412 390 509 448 ,,μῆ
526 393 728 435 τοσοῦτον
751 391 971 447 ἀμνήμονα
995 390 1069 434 τὸν
1092 389 1196 445 ἐμὸν
1216 391 1362 447 κόριον
1393 390 1467 434 καὶ
1495 392 1674 447 βασιλέα
1695 384 1750 447 ἧς

305 456 442 514 ἔργοις
464 457 608 506 αὐτοῖς
631 453 869 507 εὐπειθείας
891 458 962 499 καί
987 455 1179 506 δουλείας
1202 454 1309 512 ,πρὸς
1328 452 1461 518 αὖτὸν
1483 455 1775 511 ἐνεδειξάμηῶ

305 519 499 579 ὄφθῆναι
522 523 609 564 νῦν·
638 520 731 564 ἐπεὶ
746 523 786 563 δ’
807 521 834 577 ἦ
858 523 941 563 τῶν
958 523 1071 575 ἐμῶν
1086 521 1400 577 ἁμαρτημάτων
1421 520 1585 577 πληθὺς
1607 519 1751 577 ἐπίορ-

305 604 378 631 κον
401 589 473 631 καί
498 588 582 630 τῶν
602 585 705 644 πρὸς
729 584 858 632 αὕτὸν
878 585 1130 642 συμβάσεων
1154 584 1357 644 οἷθετητὴν
1372 585 1444 628 καὶ
1465 583 1634 644 οἴεσθαι
1651 585 1751 629 ἇνέε

305 668 425 695 πεισε
446 651 519 695 καὶ
546 653 701 708 λέγειν,
730 650 825 696 δέον
855 651 1095 707 εὐγνώμονα
1127 653 1200 694 καί
1236 649 1502 708 φιλοπάτορα
1529 652 1604 694 καί
1634 645 1752 708 αὖτῷ

265 716 528 765 οὖπείκοντα
548 717 790 773 λογίζεσθαι
813 716 966 769 πάντα,
989 718 1151 772 πρῶτον
1164 717 1242 771 μὲν
1264 716 1309 759 ἐν
1332 717 1481 774 καιρίῳ
1503 713 1646 770 οἴομαι
1668 714 1751 770 τήν

309 780 416 839 πρὸς
444 783 520 836 ἐμὲ
540 782 660 836 ὑμῶν
685 777 828 839 ἄφιξιν
848 783 1119 837 γεγενῆσθαι,
1151 781 1334 823 συνετῶν
1366 774 1498 823 ὄντων
1525 778 1600 829 καὶ
1623 780 1805 822 &vra-re

306 847 447 902 μένων
476 847 657 903 μάλιστα
694 844 775 889 ἀπὸ
809 848 893 889 ταῖν
915 848 1145 901 λεγομένων
1169 844 1223 889 τοὶ
1252 845 1392 901 ἀληθῆ
1423 843 1499 888 καὶ
1519 842 1574 889 τὰ
1600 844 1751 892 δέοντα

308 917 508 956 συνεῖναι.
536 911 675 955 ἔπειτα
699 913 854 969 ἐρωτῶ,
886 913 928 954 εἰ
945 910 1018 954 καί
1035 910 1150 967 παρὰ
1171 911 1250 952 τοῦ
1277 911 1382 964 ἐμοῦ
1404 907 1555 967 κυρίου
1578 907 1653 953 καὶ
1673 911 1755 964 βαι-

309 980 458 1026 σιλέως
484 977 778 1034 ἐπιτέτραπται
797 977 914 1031 ὑμῖν,
947 972 976 1018 ἅ
998 992 1044 1018 τε
1069 973 1244 1036 ἠδίκηκα
1266 976 1452 1030 ἐγκαλεῖν
1480 973 1556 1018 καὶ
1593 971 1755 1018 τούτων

308 1040 388 1096 τὴν
413 1041 638 1096 ἀπολογίαν
664 1043 867 1095 δέχεσθαι
886 1042 1120 1094 διεξιόντος.
1150 1039 1304 1092 ἐλπίζω
1323 1037 1404 1097 γὰρ
1430 1040 1478 1084 ἐκ
1501 1040 1660 1084 πολλοῦ
1678 1040 1756 1082 τοῦ

311 1106 526 1162 περιόντος
553 1102 852 1149 ἀπολύσασθαι
885 1105 938 1150 τὰ
965 1104 1242 1163 ἐγκλήματα.”
1269 1106 1350 1147 τῶν
1382 1105 1430 1147 δὲ
1457 1103 1654 1150 εἶπόντων
1673 1106 1809 1162 seq-15

311 1171 383 1212 δὲν
403 1171 526 1214 πλέον
548 1170 856 1227 ἐπιτετράφθαι
873 1166 902 1227 ἢ
921 1167 1019 1214 ὅσον
1036 1168 1096 1226 μὴ
1109 1171 1168 1220 εἰς
1177 1169 1415 1221 Βυζάντιον
1430 1165 1756 1224 οἷπαγγειλαντας

313 1231 442 1290 ἥκειν,
471 1230 601 1284 αὖθις
628 1232 918 1292 ἀναστρέφειν,
950 1234 1255 1290 »ἀπαγγείλατε
1281 1235 1448 1277 τοίνυν”
1464 1233 1546 1291 ἔφη
1561 1234 1649 1292 »τῷ
1667 1233 1756 1290 ἐμῷ

314 1302 445 1359 κυρίῳ
477 1303 549 1343 καί
568 1303 758 1355 βασιλεῖ,
783 1298 847 1344 ὅτι
880 1299 955 1345 τὸν
988 1299 1142 1357 ἔφορον
1159 1302 1231 1356 τῆς
1251 1300 1451 1356 ἀληθείας
1472 1298 1757 1356 ἐπιμαρτύρο-

276 1376 390 1418 Βμαι
404 1363 501 1406 θεὸν
523 1367 596 1407 καί
610 1364 738 1408 αὐτόν
758 1365 960 1422 ἀλήθειαν
983 1364 1240 1419 καλούμενον
1259 1367 1331 1408 καί
1345 1360 1460 1420 ὄντα,
1478 1363 1536 1414 ὥς
1548 1358 1644 1406 οῦτε
1653 1361 1757 1419 πρό-

313 1445 443 1486 τερον,
461 1424 550 1471 οὔτ’
574 1431 619 1472 ἐν
640 1432 699 1487 τῷ
713 1433 787 1474 νῦν
801 1427 956 1480 οἷδύτως
979 1433 1070 1473 κατ’
1093 1431 1199 1483 ἐμοῦ
1219 1431 1444 1487 κινουμένῳ
1465 1428 1646 1486 πολέμῳ,
1666 1421 1810 1472 οῦτήο

312 1493 449 1550 ἔργοις
475 1489 570 1536 οῦτε
594 1493 680 1550 μὴν
702 1497 748 1543 ἐν
780 1493 963 1552 ῥήμασιν
1002 1493 1172 1551 ἐμαυτῷ
1191 1510 1232 1537 τι
1260 1493 1437 1536 σύνοιδα
1470 1493 1758 1550 πεπραγμένον

316 1559 422 1604 κατὰ
444 1560 534 1610 σοῦ,
565 1558 629 1600 διὸ
657 1562 730 1601 καί
756 1559 893 1615 ἱκέτης
915 1559 1091 1614 γίνομαί
1107 1574 1184 1601 σου
1201 1556 1307 1614 πρὸς
1335 1559 1470 1600 αὐτοῦ
1490 1559 1567 1602 τοῦ
1589 1559 1693 1599 θεοῦ
1709 1555 1756 1599 τὸ

190 1631 306 1673 Ρ,13ιι
319 1621 561 1680 ὀργίζεσθαι
591 1621 871 1677 ἀποθέμενον,
900 1626 1144 1683 συμπαθείᾳ
1175 1621 1423 1679 χρήσασθαι
1451 1621 1524 1668 καὶ
1546 1624 1759 1682 πρᾳότητι,

316 1690 391 1743 καιζ
414 1690 490 1729 τοῦ
508 1687 671 1730 δικαίου
692 1691 766 1731 καί
789 1689 1102 1738 λυσιτελοῦντος
1124 1687 1204 1738 ἔξω
1229 1693 1363 1733 ποιεῖν
1377 1688 1521 1744 μηδέν.
1548 1689 1590 1731 εἰ
1611 1688 1654 1730 δ’
1675 1682 1761 1742 ἄρα

408 1777 442 1812 5.
468 1774 579 1814 αὐτὸς
599 1776 788 1822 legebatur
810 1788 877 1822 pro
901 1776 1033 1819 αὐτοῖς
1056 1781 1104 1810 et·
1122 1776 1176 1814 15.
1201 1774 1484 1813 ἀποδύσασθαι,
1542 1804 1545 1808 ,

319 1844 349 1878 si
374 1844 463 1890 quid
501 1845 535 1878 ei
570 1845 761 1879 obveniret
790 1845 898 1886 mali,
929 1856 1005 1878 non
1035 1844 1114 1886 illi,
1147 1844 1212 1878 sed
1244 1845 1316 1878 sibi
1345 1845 1486 1891 culpam
1517 1843 1758 1885 adscriberet,

319 1891 383 1936 qui
419 1891 545 1925 foedus
582 1892 763 1928 violasset.
812 1892 941 1926 Doluit
975 1891 1082 1925 valde
1115 1889 1184 1925 hoc
1217 1892 1348 1926 nuntio
1382 1902 1515 1936 nepos,
1538 1891 1762 1936 paulumque

320 1942 526 1978 cunctatus,
550 1937 774 1979 Voluissem,
800 1938 944 1983 inquit,
972 1936 1159 1971 (lominum
1183 1948 1303 1971 meum
1327 1942 1364 1971 et
1386 1938 1638 1983 imperatorem
1670 1936 1758 1971 sub-

322 1983 489 2016 iectionis
513 1994 615 2018 meae
634 2008 644 2024 ,
670 1995 777 2029 quam
803 1995 884 2028 erga
909 1994 991 2016 eum
1015 1983 1120 2017 factis
1145 1983 1308 2025 ostendi,
1334 1994 1409 2018 non
1433 1982 1522 2017 adeo
1547 1981 1757 2028 deposuisse

321 2031 540 2066 memoriam.
589 2029 660 2062 Sed
686 2031 772 2075 quia
789 2030 945 2075 peccatis
969 2030 1058 2062 meis
1083 2030 1217 2066 factum
1241 2034 1314 2071 est,
1337 2032 1380 2063 ut
1401 2028 1474 2063 huc
1494 2029 1757 2074 prolaberetur,

321 2085 378 2107 mo
408 2086 452 2107 ue
473 2076 658 2119 periurum
683 2081 720 2108 et
734 2081 921 2121 pactorum
939 2081 1224 2121 contemptorem
1247 2074 1426 2109 iudicaret
1438 2087 1479 2113 ac
1502 2074 1651 2116 diceret,
1677 2085 1758 2110 cum

324 2087 504 2169 probum,
548 2122 662 2175 patris
697 2126 875 2158 amantem
911 2121 1056 2165 sibique
1089 2122 1294 2157 subiectum
1340 2127 1507 2167 reputare
1548 2120 1759 2162 debuisset,

322 2166 477 2211 primum
503 2167 650 2211 quidem
675 2173 879 2212 opportune
902 2177 964 2200 vos
989 2167 1060 2205 huc
1082 2167 1224 2202 venisse
1246 2166 1425 2210 arbitror,
1446 2168 1542 2202 viros
1562 2166 1759 2212 prudentes

324 2212 461 2256 quique
497 2213 667 2246 facillime
694 2224 738 2245 ex
769 2213 932 2247 oratione
955 2224 1034 2246 mea
1056 2215 1246 2248 veritatem
1281 2218 1321 2247 et
1351 2214 1511 2248 officium
1535 2212 1759 2250 intellecturi

322 2259 406 2294 sint,
453 2258 596 2297 Deinde
620 2260 816 2303 interrogo,
842 2259 974 2305 ecquid
1001 2259 1047 2292 ab
1078 2271 1144 2295 avo
1171 2271 1253 2294 meo
1275 2259 1314 2293 in
1336 2259 1512 2297 mandatis
1535 2259 1758 2303 acceperitis,

322 2309 365 2340 ut
391 2301 436 2335 de
459 2304 604 2337 iniuriis
628 2305 686 2339 illi
708 2316 728 2337 a
751 2305 807 2342 me
833 2305 944 2338 illatis
967 2316 1107 2338 mecum
1131 2306 1369 2351 expostuletis
1407 2316 1596 2351 meamque
1632 2309 1758 2341 contra

323 2348 575 2383 defensionem
602 2349 770 2384 audiatis.
818 2352 961 2390 Etenim
997 2351 1044 2385 ad
1080 2352 1224 2387 obiecta
1249 2352 1465 2397 depellenda
1501 2350 1599 2398 quod
1641 2350 1759 2385 dicam

324 2395 605 2439 superfuturum,
628 2396 762 2429 nedum
784 2395 990 2430 defuturum
1015 2408 1130 2442 spero,
1156 2397 1482 2442 Respondentibus,
1507 2409 1580 2431 non
1601 2397 1682 2441 plus
1704 2397 1756 2430 si-

324 2440 364 2474 bi
385 2448 629 2486 praeceptum,
648 2454 754 2488 quam
783 2448 822 2476 ut
842 2444 875 2481 ei
897 2443 1165 2485 denuntiarent,
1193 2455 1239 2476 ne
1268 2443 1476 2487 Byzantium
1496 2442 1758 2488 ingrederetur,

325 2488 517 2532 statimque
540 2493 824 2526 reverterentur:
845 2490 1062 2522 Renuntiate
1085 2489 1205 2534 igitur,
1225 2490 1287 2531 ait,
1304 2488 1452 2524 domino
1479 2499 1559 2522 meo
1591 2494 1628 2522 et
1643 2490 1760 2534 impe..

324 2534 447 2574 ratori,
460 2544 518 2567 me
537 2534 655 2567 Deum
679 2535 841 2570 veritatis
864 2534 1044 2571 vindicem
1061 2541 1170 2580 atque
1190 2533 1280 2568 adeo
1303 2536 1417 2580 ipsam
1437 2535 1641 2575 veritatem,
1663 2534 1758 2580 (ipse

326 2579 422 2611 onim
442 2585 478 2612 et
490 2585 544 2614 est
568 2585 604 2612 et
614 2581 820 2613 nominatur
840 2580 1000 2626 veritas‚)
1014 2582 1150 2622 testari,
1164 2592 1221 2615 me
1233 2592 1353 2626 neque
1373 2585 1498 2621 antea,
1515 2585 1635 2627 ne'que
1649 2581 1759 2615 modo

323 2625 422 2660 bello
443 2630 516 2662 tam
544 2626 671 2671 inique
703 2627 926 2671 appetitum,
950 2626 1039 2659 mihi
1060 2627 1214 2661 alicuius
1236 2628 1275 2661 in
1290 2627 1407 2671 ipsum
1429 2627 1588 2661 criminis
1602 2651 1613 2668 ,
1638 2638 1701 2661 seu
1720 2638 1760 2661 ro

324 2681 386 2711 seu
404 2671 514 2711 verbo
540 2671 696 2719 admissi,
724 2673 906 2712 ,conscium
930 2683 1005 2711 em
1030 2678 1092 2712 aut
1115 2674 1238 2713 fuisse.
1285 2672 1404 2722 Quare
1426 2674 1529 2712 inum
1554 2683 1619 2720 per
1641 2674 1760 2712 Deum
