1832 3132
321 86 431 151 344
850 96 1217 139 CANTACUZENI

127 210 390 256 A.C.1329rov
426 202 497 241 καί
525 199 762 254 τρέψωνται
798 195 969 244 αὕτούς·
1015 196 1092 252 τήν
1120 199 1167 239 δ’
1196 194 1323 252 ἄλλην
1360 192 1527 238 ἅπασαν
1561 197 1739 252 δύναμιν

119 267 124 270 ’
245 255 247 257 V
323 261 560 316 ἀναλαβών,
595 260 694 315 ἔστη
724 260 796 302 ἐπὶ
822 257 1047 315 μετεώρου.
1082 261 1343 318 τριακοσίους
1365 262 1410 302 δὲ
1442 261 1739 316 ἀπολεξάμενος

316 328 411 375 τοὺς
438 329 536 381 παρ’
561 325 680 382 αὐτῷ
696 320 1025 377 μαχιμωτάτους
1055 324 1346 379 ἱπποτοξότας,
1397 328 1548 376 ἵππους
1569 323 1738 381 ἔχοντας

313 392 393 434 ταῖν
409 390 590 443 μάλιστα
610 390 723 431 θέειν
748 386 940 444 οἷγαθῶν,
986 391 1195 432 ἐκέλευσεν
1217 387 1356 440 αὐτοῖς
1378 391 1429 432 οὗ
1456 388 1559 433 κατὰ
1585 389 1735 433 συστά-

315 456 401 509 δην,
438 454 530 496 ἀλλ’
553 455 597 505 ἐξ
624 451 789 510 ἐφόδων
818 456 1131 508 συμπλέκεσθαι
1155 455 1205 510 τῇ
1228 455 1431 507 βασιλέως
1455 457 1643 517 στρατιᾷ,
1665 451 1763 502 καί5

312 518 504 567 ἐπιόντας
524 520 602 571 μὲν
625 517 684 574 μή
709 518 937 572 ὑπομένειν,
966 517 1071 560 ἀλλὰ
1093 519 1320 575 φεύγοντας
1342 519 1518 572 τοξείαις
1534 521 1736 577 χρῆσθαι,

312 580 577 640 ἀναχωροῦσι
605 584 651 625 δὲ
680 578 804 633 αὖθις
831 584 1111 626 ἐπιτίθεσθαι.
1159 584 1392 640 συμβέβηκε
1428 585 1474 626 δὲ
1503 582 1550 628 τὸ
1578 583 1732 639 μεταξὺ

310 651 391 690 τῶν
425 649 744 704 στρατευμάτων
775 649 1025 706 ἀμφοτέρων
1061 646 1158 691 ὅσον
1179 651 1259 702 μὲν
1290 645 1342 705 ἦν
1367 647 1596 700 κατὰτούς
1615 649 1737 694 o‘Pm-

309 712 459 767 μαίους
483 711 634 765 ὁμαλόν
650 729 694 755 τε
707 709 824 755 ἐἶναι
844 713 916 756 καὶ
932 713 1073 773 ῥᾴδιον
1101 712 1206 770 πρὸς
1226 712 1302 764 τὰς
1324 713 1589 770 ἱππηλασιῖιις,
1613 711 1670 757 τὸτ
1685 715 1735 756 δὲ

309 777 413 820 κατὰ
437 777 535 828 τούς
562 780 737 834 Πέρσας
762 779 810 820 οὗ
833 779 959 833 μόνον
987 775 1157 829 ἄναντες
1189 781 1262 822 καί
1285 778 1585 836 δυσπρόσοδον,
1621 777 1785 822 ὀἷλλὰιο

263 846 378 886 1)καί
399 842 577 899 τάφροις
605 843 836 900 αὐτοφυέσι
866 844 1102 898 πανταχόσε
1126 840 1457 899 διατετμημένον·
1485 838 1517 903 ᾧ
1537 845 1736 899 καὶμᾶλ-

307 913 377 950 λον
409 906 448 949 οἱ
473 905 681 964 βάρβαροι
711 907 954 959 πεποιθότες
982 908 1162 966 ἐπῄεσαν
1195 907 1438 963 εΡωμαίοις.
1476 907 1736 964 τούτοιςμὲν

309 968 384 1014 οὖν
417 979 505 1021 τοῖς
532 974 787 1029 τριακοσίοις
826 976 1126 1030 προσετέτακτο
1159 973 1229 1018 τὸν
1265 973 1595 1031 τρόπον’τοῧτον
1626 990 1735 1027 συμ-

305 1039 530 1080 πλέκεσθαι
550 1038 790 1091 εΡωμαίοις.
804 1056 807 1059 Χ
822 1037 989 1095 ἑτέρους
1012 1041 1058 1081 δὲ
1082 1042 1246 1093 χιλίους
1273 1035 1446 1083 ὄπισθεν
1471 1039 1733 1085 αὐτῶνέπεὶ-

306 1117 431 1157 στησε
460 1100 565 1144 κατά
594 1101 670 1153 τὰς
697 1101 885 1160 τάφρους
910 1103 983 1145 καί
1003 1103 1079 1153 τὰς
1103 1104 1354 1162 δυσχωρίας,
1382 1101 1438 1154 ὥς
1459 1099 1525 1156 ἂν,
1560 1105 1600 1147 εἰ
1631 1102 1784 1154 διώ-15

305 1182 438 1208 κοιντο
464 1166 502 1208 οἱ
523 1167 753 1222 τριακόσιοι
778 1168 880 1223 πρὸς
904 1169 986 1216 τῷν
1007 1169 1236 1223 Ῥωμαίων,
1265 1166 1387 1211 advoc*
1408 1166 1508 1226 πρὸς
1531 1167 1585 1211 τὰ
1605 1165 1730 1210 στενά

302 1230 477 1282 ἑστῶτες
516 1231 728 1285 ἆμύνωσιν
766 1230 923 1282 αὐτοῖς·
958 1230 1214 1290 ἑκατέρωθέν
1243 1250 1287 1276 τε
1318 1232 1456 1277 αὗτῶν
1480 1233 1642 1289 χιλίους
1661 1233 1734 1290 ἐφ’

303 1294 460 1354 ἑκάστῳ
485 1299 605 1353 μέρει
629 1299 703 1354 τῆς
725 1298 855 1353 αὐτῆς
879 1300 998 1340 ἕνεκα
1025 1299 1172 1348 αἰτίας.
1198 1297 1394 1353 βασιλεὺς
1425 1301 1471 1342 δὲ
1498 1298 1591 1341 ἐπεὶ
1617 1294 1730 1355 ἔοόρα

302 1360 400 1410 τούς
420 1365 595 1417 Πέρσας
622 1360 702 1404 ἀπὸ
721 1363 793 1404 τοῦ
827 1363 960 1419 λόφου
988 1362 1225 1417 κατιόντας,
1263 1364 1530 1420 τριακοσίους
1555 1363 1628 1406 καί
1648 1364 1730 1406 αὖ-

301 1424 374 1474 τὸς
407 1425 694 1479 ἐπιλεξάμενος
732 1429 779 1469 ἐκ
819 1430 903 1469 τῶν
935 1428 1053 1471 ἰδίων
1095 1427 1168 1469 καὶ
1194 1428 1543 1484 περιστησάμενος
1577 1426 1778 1486 ἓαυτῷ,αο

300 1490 496 1545 τοιαύτην
531 1489 623 1533 τινὰ
665 1491 910 1546 παραίνεσιν
939 1493 1156 1548 ἐποιήσατο
1187 1491 1293 1553 Κπρὸς
1325 1491 1498 1544 αὐτούς’,
1542 1489 1729 1552 ,,ἆ’νδρες

300 1557 576 1610 στρατιῶται,
611 1554 686 1611 τὴν
709 1559 788 1609 μὲν
809 1552 997 1599 εὔκλειαν
1028 1560 1111 1599 τῶν
1141 1558 1369 1612 εΡωμαίων
1399 1560 1472 1604 καί
1490 1557 1564 1614 τὴν
1589 1559 1725 1613 δόξαν,

306 1617 357 1674 ἢν
380 1619 461 1660 ἀπὸ
492 1621 568 1662 τοῦ
589 1623 763 1676 φοβεροί
790 1627 875 1670 τοῖς
900 1621 1111 1675 πολεμίοις
1133 1619 1239 1665 εἶναι
1266 1623 1492 1678 ἐκτήσαντο
1511 1624 1556 1673 ἐξ
1581 1623 1726 1680 ἀρχῆς,

304 1684 396 1725 οὐδ’
424 1682 547 1726 αὐτοὶ
573 1686 767 1738 ἀγνοεῖτε·
817 1681 935 1728 οὗτοι
966 1686 1043 1742 γάρ
1079 1689 1184 1729 εἰσιν
1217 1685 1257 1729 οἱ
1289 1688 1444 1743 μικροῦ
1471 1689 1558 1731 δεῖν
1586 1691 1725 1731 πᾶσαν

171 1749 657 1804 Ρ,919παραστησάμενοι
688 1747 764 1804 τὴν
794 1751 1061 1805 οἰκουμένην,
1088 1753 1159 1792 καί
1186 1750 1321 1793 πάντα
1356 1753 1453 1811 γένη
1480 1752 1554 1796 καὶ
1577 1753 1777 1810 Εὗρον-35

290 1875 398 1916 atque
414 1871 452 1903 in
474 1871 590 1916 fugam
611 1872 876 1916 compellerent.
938 1873 1098 1919 Reliquis
1133 1875 1256 1920 itaque
1278 1874 1348 1910 sibi
1371 1874 1570 1918 adiunctis,
1602 1877 1642 1912 in
1659 1875 1722 1911 su-

287 1917 391 1950 blimi
415 1918 542 1951 stabat.
573 1919 724 1951 Secretis
753 1930 859 1962 porro
887 1920 1055 1952 trecentis
1078 1921 1260 1965 equitibus
1284 1923 1474 1966 sagittariis
1500 1923 1721 1968 pugnacissi-

287 1964 374 2003 mis,
400 1964 439 1995 in
463 1965 564 2009 equis
579 1965 828 2004 velocissimis,
855 1965 1046 2009 imperavit
1069 1967 1139 2006 eis,
1164 1978 1209 2000 ne
1233 1970 1392 2001 cominus
1421 1974 1458 2002 et
1481 1969 1624 2003 stataria
1648 1980 1719 2014 pu·-

287 2021 366 2050 gua,
392 2009 454 2042 sed
479 2021 522 2042 ex
544 2011 687 2042 incursu
711 2010 930 2051 invadentes,
955 2022 1034 2044 cum
1055 2012 1222 2046 Romanis
1248 2013 1490 2059 depugnarent
1508 2026 1719 2061 rursumque

286 2054 450 2098 fugerent
474 2061 509 2088 et
529 2057 600 2088 tela
625 2056 662 2088 in
686 2061 823 2100 tergum
845 2061 1076 2102 torquerent;
1111 2058 1241 2092 deinde
1263 2061 1442 2101 conversi,
1465 2059 1625 2094 redirent
1647 2061 1719 2094 ho-

286 2105 445 2144 stemque
468 2101 593 2139 denuo,
611 2102 833 2135 lacesserent.
882 2103 1044 2147 Contigit
1063 2110 1194 2145 autem,
1217 2110 1257 2137 ut
1282 2107 1434 2150 spatium
1456 2106 1613 2140 medium
1635 2118 1716 2144 ver-

284 2156 341 2178 sus
372 2148 544 2180 Romanos
569 2148 718 2191 aequale
750 2153 786 2180 et
820 2148 934 2192 equiti
961 2148 1150 2191 idoneu1n3
1188 2162 1307 2184 versus
1333 2153 1453 2185 Persas
1488 2163 1562 2186 non
1585 2151 1715 2186 acclive

285 2191 402 2224 solum
425 2203 638 2238 accessuque
655 2193 872 2226 laboriosum
886 2220 896 2235 ,
920 2194 983 2227 sed
1008 2201 1045 2228 et
1062 2195 1164 2229 fossis
1183 2198 1313 2232 nativis
1338 2198 1574 2243 undiquaque
1600 2200 1715 2232 inter-

286 2244 428 2282 ceptum
451 2244 554 2272 esset.
603 2239 684 2283 Qua
706 2240 954 2273 commoditate
981 2240 1124 2274 barbari
1144 2241 1368 2285 potissimum
1385 2243 1557 2283 fidentem
1582 2245 1622 2278 in
1643 2246 1715 2279 Ro-

282 2294 406 2316 manos
430 2284 597 2317 audacius
621 2295 657 2316 se
687 2285 899 2319 inferebant.
957 2286 1020 2319 His
1054 2288 1163 2331 igitur
1196 2290 1389 2330 trecentis,
1428 2294 1469 2322 ut
1503 2289 1573 2322 hoc
1606 2291 1712 2323 modo

283 2340 363 2361 cuni
381 2331 545 2362 Romanis
564 2330 786 2371 dimicarent,
809 2331 1003 2372 mandavit,
1029 2333 1117 2366 alios
1140 2334 1239 2366 mille
1256 2346 1276 2367 a
1299 2340 1397 2377 tergo
1425 2346 1547 2368 eorum
1569 2335 1613 2368 ad
1635 2336 1713 2369 fos-

280 2386 336 2407 sas
355 2381 391 2407 et
408 2377 608 2418 angustias,
657 2377 720 2421 qui
742 2378 914 2410 Romanos
939 2378 1169 2423 insequentes
1192 2381 1399 2424 exciperent
1413 2404 1422 2418 ,
1463 2385 1500 2413 et
1523 2381 1645 2414 eadem
1665 2382 1709 2415 de

281 2432 386 2453 causa
406 2421 505 2453 mille
527 2423 566 2454 in
592 2427 743 2466 utroque
764 2423 873 2456 latere
895 2424 1036 2457 locavit.
1085 2425 1280 2469 Imperator
1305 2426 1369 2458 ubi
1401 2426 1520 2458 Persas
1548 2426 1592 2460 de
1617 2427 1709 2460 colle

280 2467 505 2499 descendisse
529 2470 737 2511 conspexit,
772 2470 878 2501 etiam
902 2471 979 2514 ipse
1003 2469 1181 2503 trecentos
1207 2471 1252 2505 de
1273 2473 1346 2504 suis
1372 2472 1496 2515 elegit,
1532 2484 1551 2505 a
1577 2473 1709 2517 quibus

277 2513 489 2555 stiparetur,
525 2524 657 2557 eosque
677 2514 811 2546 talibus
831 2514 947 2547 verbis
973 2516 1155 2549 accendit:
1210 2516 1327 2562 Quam
1359 2518 1529 2561 gloriam,
1561 2519 1708 2560 milites,

277 2558 374 2601 quod
394 2557 499 2590 decus
519 2560 676 2592 Romani.
689 2560 773 2593 inde
792 2559 837 2592 ab
862 2561 968 2593 initio
991 2573 1034 2594 ex
1061 2572 1102 2594 eo
1126 2562 1196 2595 sibi
1224 2565 1479 2608 compararint,
1513 2563 1611 2608 quod
1636 2563 1706 2598 ho-

273 2603 389 2636 stibus
417 2604 660 2638 formidabiles
689 2606 853 2646 fuerunt,
897 2618 963 2639 nee
990 2606 1092 2640 vobis
1124 2613 1178 2642 est
1204 2609 1375 2653 ignotum.
1423 2609 1470 2642 Hi
1495 2610 1590 2642 enim
1610 2616 1705 2651 sunt,

276 2650 337 2694 qui
368 2655 480 2684 totum
510 2662 622 2695 paene
649 2651 772 2686 orbem
815 2663 1010 2699 omnesque
1038 2658 1159 2697 gentes
1196 2654 1433 2700 subegerunt,
1471 2659 1507 2687 et
1540 2656 1701 2700 Europae
