1820 3164
305 80 412 134 500
476 137 480 143 ,
770 97 772 100 ’
845 90 1212 136 CANTACUZENI

109 201 188 236 Ac,
208 201 294 237 1336
304 195 510 254 στρατιὰν,
540 190 627 236 ἄλλ’
656 187 721 234 ὅτι
747 188 866 234 nalo
895 186 1279 248 ἇντιστρατηγὴσων
1306 188 1418 250 mitt}
1445 191 1518 235 καὶ
1538 188 1643 251 πρὸς
1663 190 1733 234 τὸν

300 262 477 315 πόλεμον
505 254 953 313 ἀντικαταστησόμενος
979 256 1055 298 οὐκ
1080 255 1180 310 ἔστι,
1209 255 1453 314 Νικηφόρον
1482 258 1558 300 τοῦ
1585 255 1733 299 δεσπό-

299 342 374 368 του
398 322 549 373 παιδὸς
568 317 688 364 ὀὔπω
717 320 788 376 ἔτη
819 318 924 363 ἕπτοὶ
951 323 1235 376 γεγενημένου.
1262 323 1302 364 εἰ
1327 324 1374 364 δὲ
1400 321 1473 365 καί
1497 319 1734 376 ἀντιστῆναι

272 388 558 444 Βδυνήσονται
583 385 687 444 πρὸς
711 384 884 442 χρόνον,
929 387 1051 438 οὐδὲν
1078 386 1368 442 ,λυσιτελήσειν
1395 389 1537 440 πλέον,
1583 381 1611 441 ἢ
1637 381 1735 427 ὅσον

294 455 373 509 ’τῆς
399 469 441 495 τε
478 452 621 509 χώρας
658 448 892 494 ἆναστάτου
933 453 1148 506 γινομένης
1182 451 1254 492 καὶ
1297 453 1371 506 τῆς
1409 453 1608 507 στρατιᾶς
1648 451 1759 504 dte-55

299 520 558 575 φθαρμένης,
584 521 819 559 τελευταῖον
841 519 1007 571 βασιλεῖ
1031 517 1102 558 καὶ
1127 511 1277 564 αὖτοὺς
1301 512 1371 557 ὑπ’
1398 511 1575 572 ἀνάγκης
1602 530 1732 570 προσ-

296 589 450 639 χωρεῖν
491 579 566 624 οὖκ
602 583 673 625 ἐπὶ
707 587 792 631 τοῖς
830 581 971 631 αὐτοῖς
998 577 1135 637 ὥσπερ
1165 582 1264 634 νῦν,
1307 579 1414 623 ἀλλὰ
1441 581 1604 638 χείροσι
1631 584 1733 622 πολ-

297 650 376 706 λῷ,
407 649 512 705 ὀργῇ
540 647 771 704 φερομένου
800 648 1004 701 βασιλέως
1030 645 1133 703 πρὸς
1160 644 1314 695 αὐτοὺς
1342 644 1411 688 διὰ
1446 643 1519 688 τὸν
1545 643 1733 705 πόλεμον.

297 715 471 756 τοιαῦτα
501 715 547 755 δὲ
588 713 731 761 αὐτοῖς
757 713 873 769 ἐπῄει
901 713 1054 766 λέγειν,
1102 708 1149 754 οὗ
1176 712 1302 765 μόνον
1340 711 1541 765 οἰομένοις
1566 706 1733 759 ἑαυτοῖς
1793 749 1796 752 .

297 795 341 822 τε
367 778 439 820 καί
463 783 548 827 τοῖς
576 772 715 826 ἄλλοις
742 775 818 832 τήν
845 775 1001 832 βουλὴν
1028 780 1270 830 λυσιτελεῖν,
1300 773 1405 819 ἀλλὰ
1432 777 1505 818 καί
1518 773 1584 822 τὰ
1610 778 1786 831 βασι-ρο

298 844 402 892 λέως
429 843 681 900 πράττουσιν
723 839 914 899 ἀφανῶς,
971 840 1112 898 κρύφα
1150 839 1219 884 διὰ
1247 839 1502 899 γραμμάτων
1528 840 1630 897 πρὸς
1655 839 1732 887 αὖ·

300 907 400 957 τούς
428 910 702 962 διειλεγμένου
726 910 823 949 καθ’
849 903 945 949 ὅσον
971 906 1120 963 χρόνον
1147 908 1332 963 ἐληΐζετο
1359 908 1431 953 καὶ
1447 905 1616 963 ἐπόρθει
1635 901 1734 950 Ἀλ-

298 972 472 1028 βανούς.
542 970 650 1015 οὕτω
687 975 728 1014 δ’
761 971 970 1029 ἑκατέροις
1007 969 1150 1022 αὗτοῖς
1186 975 1499 1027 βουλευομένοις
1543 971 1735 1028 ἆλλὴλοις

297 1040 464 1081 ἐναντία
493 1037 628 1080 ἐδόκει
655 1039 742 1080 δεῖν
771 1041 842 1080 καί
868 1036 1087 1095 βασιλίσσῃ
1118 1036 1191 1093 τὴν
1218 1036 1374 1093 βουλὴν
1402 1033 1646 1081 ἀνατιθέναι
1672 1035 1734 1085 ὥς

261 1101 401 1151 Οᾶττα
428 1099 482 1146 ἂν
504 1105 637 1146 ἕλοιτο
668 1100 788 1159 αὕτη,
814 1105 1152 1159 διαπραξομένων
1175 1104 1248 1145 καί
1273 1103 1436 1145 αὐτῶν.
1489 1101 1516 1158 ἧ
1544 1103 1591 1144 δὲ
1618 1102 1786 1158 πρῶ-15

298 1185 352 1211 τα
380 1170 458 1223 μὲν
485 1169 687 1224 (ὁμολόγει
714 1167 893 1224 χάριτας
922 1166 1062 1218 αὐτοῖς
1089 1167 1268 1222 πολλὰς,
1298 1165 1355 1218 ὥς
1385 1168 1466 1223 οὖχ
1494 1166 1601 1224 ὑπὲρ
1629 1163 1730 1208 {sav-
1766 1179 1770 1186 “

297 1237 379 1278 τῶν
405 1233 559 1288 μόνον,
600 1232 705 1277 ἀλλὰ
733 1234 804 1276 καί
829 1235 958 1290 αὐτῆς
985 1237 1056 1278 καί
1081 1236 1155 1277 τοῦ
1182 1233 1330 1284 παιδὸς
1356 1234 1556 1290 πρόνοιαν
1585 1247 1731 1289 ποιου-

297 1304 458 1355 μένοις.
525 1299 799 1355 συνεβούλευέ
826 1316 870 1341 τε
899 1299 957 1356 μὴ
985 1299 1089 1356 πρὸς
1114 1301 1289 1354 βασιλέα
1316 1298 1493 1352 πόλεμον
1519 1303 1644 1341 κινεῖν
1665 1295 1722 1350 αἱς

298 1367 376 1408 οὔκ
403 1366 710 1416 ἅπαλλάξοντας
737 1367 892 1418 καλῶς,
935 1362 1001 1408 οἷα
1031 1364 1081 1419 δὴ
1111 1363 1242 1421 αὐτῆς
1268 1367 1346 1419 μὲν
1374 1360 1500 1420 οἷῖσης
1525 1361 1730 1419 γυναικός,

296 1434 371 1473 τοῦ
397 1429 540 1481 παιδὸς
569 1432 615 1473 δὲ
644 1432 814 1485 νηπίου,
859 1426 1000 1472 αὐτῶν
1040 1431 1086 1472 δὲ
1122 1429 1189 1472 διὰ
1219 1429 1293 1486 τὴν
1321 1429 1529 1485 ἀναρχίαν
1557 1445 1782 1476 orama-20

296 1495 452 1538 σόντων
478 1494 581 1552 πρὸς
609 1494 808 1550 ἀλλήλους
835 1496 907 1537 καί
933 1494 1352 1551 διαφθαρησομένων·
1380 1493 1485 1536 ἀλλὰ
1507 1493 1729 1550 πρεσβείαν

294 1559 396 1616 πρὸς
415 1561 590 1614 βασιλέα
609 1562 796 1613 πέμπειν,
824 1557 922 1608 τούς
949 1559 1250 1610 συνετωτάτους
1269 1557 1427 1602 ἑαυτῶν
1452 1561 1526 1602 καί
1548 1559 1729 1612 μάλιστα

294 1625 451 1676 εἰδότας
491 1623 707 1681 πράγμασι
743 1626 931 1680 χρῆσθαι
969 1621 1320 1678 ιῖπολεξαμένους,
1375 1627 1448 1666 καί
1474 1626 1620 1681 πρῶτα
1647 1625 1727 1677 μὲν

257 1685 527 1746 Βαῖτεΐντὴν
555 1689 737 1744 μεγάλου
769 1690 1008 1743 δομεστικου
1040 1690 1252 1746 θυγατέρα
1277 1687 1505 1748 Νικηφόρῳ
1536 1690 1594 1746 τῷ
1620 1689 1724 1731 ἐκεί-

390 1797 442 1831 ¹7·
488 1784 734 1831 ποιουμένοις
758 1794 823 1818 em.
848 1784 924 1821 ΕΙ).
950 1784 985 1822 Ρ,
1008 1795 1072 1830 pro
1098 1774 1361 1830 ποιουμένους.

296 1870 367 1905 que
393 1863 515 1892 contra
534 1863 605 1892 stet
620 1882 629 1897 ,
655 1868 762 1891 nemo
787 1858 846 1898 sit,
871 1856 1075 1902 Nicephoro
1090 1857 1259 1902 despotae
1285 1859 1360 1892 filio
1386 1869 1516 1892 annum
1531 1860 1721 1904 septimum

291 1904 453 1939 nondum
480 1910 575 1938 nato.
623 1903 731 1950 Quod
758 1904 788 1936 si
811 1903 917 1936 etiam
959 1903 1183 1950 aliquamdiu
1203 1916 1240 1938 se
1266 1911 1404 1950 queant
1423 1904 1639 1947 defendere,
1664 1908 1723 1940 ni·-

294 1951 370 1986 hilo
393 1952 472 1996 plus
499 1951 743 1995 profecturos,
781 1961 888 1994 quam
921 1954 962 1982 ut
983 1952 1127 1994 regione
1157 1950 1336 1984 devastata
1376 1957 1413 1984 et
1448 1952 1590 1986 conciso
1617 1963 1720 1986 exer-

293 1999 365 2031 citu
380 2022 389 2038 ‚
413 1997 559 2030 tandem
577 2002 613 2029 et
644 1996 717 2039 ipsi
754 2007 827 2028 non
852 1995 978 2028 iisdem
1000 1997 1131 2042 quibus
1154 2008 1272 2037 nunc,
1296 1997 1360 2031 sed
1377 1997 1482 2042 longe
1505 1998 1719 2043 intolerabi-

291 2044 443 2076 lior-ibus
469 2042 757 2082 conditionibus,
791 2042 1029 2086 imperatore,
1055 2044 1139 2087 quia
1160 2042 1294 2076 bellum
1318 2044 1530 2085 maluerint,
1566 2044 1721 2078 iratissi-

291 2100 350 2122 mo
366 2114 375 2129 ,
403 2088 627 2122 deditionem
655 2088 773 2120 facere
793 2094 969 2131 cogantur.
1019 2089 1115 2122 Haec
1135 2090 1208 2122 illis
1231 2101 1322 2135 quae
1346 2090 1507 2123 dicerent
1522 2114 1531 2131 ,
1554 2102 1719 2124 occurre-

292 2141 397 2175 runt,
429 2135 655 2179 sperantibus
692 2145 766 2167 non
794 2134 864 2167 sibi
904 2134 1018 2166 solum
1067 2141 1103 2168 et
1133 2136 1234 2176 aliis,
1259 2136 1322 2169 sed
1348 2141 1384 2170 et
1399 2136 1621 2181 imperatoris
1640 2143 1717 2171 stu-

293 2180 417 2220 diosis,
453 2180 498 2213 ad
529 2191 617 2226 quos
654 2179 851 2214 clanculum
885 2191 1027 2213 arcanas
1050 2182 1187 2215 litteras
1214 2183 1422 2222 missitaret,
1456 2194 1527 2228 quo
1555 2187 1717 2228 tempore

292 2227 442 2261 Albanis
475 2226 746 2271 populationem
789 2228 1065 2272 vastitatemque
1088 2227 1293 2269 inferebat,
1325 2228 1514 2262 consilium
1544 2240 1715 2274 prospere

293 2279 513 2307 eventurum.
561 2272 650 2306 Cum
673 2273 724 2304 sie
747 2272 865 2305 studia
889 2273 927 2305 in
947 2274 1123 2307 contraria
1143 2274 1411 2314 scinderentur,
1437 2274 1576 2318 placuit
1594 2275 1639 2309 ad
1658 2288 1718 2310 re-

292 2319 411 2364 ginam
436 2329 580 2364 quoque
602 2318 746 2357 referre,
774 2324 814 2350 ut
829 2330 900 2364 quo
923 2320 999 2363 ipsa
1019 2320 1283 2364 propenderet,
1303 2332 1344 2354 eo
1380 2331 1501 2353 omnes
1518 2331 1714 2367 sequeren-

290 2371 361 2399 tur.
410 2364 513 2409 Quae
542 2365 696 2409 primum
730 2365 851 2408 gratiis
890 2366 998 2406 actis,
1023 2366 1120 2411 quod
1150 2379 1224 2400 non
1261 2366 1406 2400 sibimet
1421 2366 1625 2408 dumtaxat,
1650 2369 1714 2402 sed

290 2411 362 2456 ipsi
398 2421 541 2457 quoque
575 2415 612 2443 et
643 2411 719 2443 eius
748 2411 823 2443 filio
852 2411 1103 2455 providerent,
1143 2424 1236 2446 arma
1269 2413 1458 2457 dissuasit,
1484 2413 1615 2458 quibus
1638 2426 1713 2448 non

290 2462 410 2494 essent
434 2457 526 2490 bene
561 2455 784 2489 defuncturi:
822 2458 965 2502 quando
997 2460 1070 2502 ipsa
1099 2459 1147 2491 sit
1175 2459 1325 2498 mulier,
1357 2459 1451 2491 filius
1479 2460 1618 2500 infans,
1654 2461 1712 2493 illi

287 2509 435 2548 propter
457 2503 697 2546 interregnum
724 2503 939 2536 factionibus
970 2504 1128 2538 distracti
1155 2516 1196 2537 ac
1231 2505 1392 2548 perituri.
1438 2505 1570 2540 'Verum
1601 2506 1645 2540 de
1676 2508 1711 2542 i-

287 2551 361 2594 psis
385 2549 678 2594 prudentissimos
699 2548 946 2593 gerendacque
975 2550 1194 2595 reipublicae
1218 2550 1472 2584 scientissimos
1492 2551 1711 2596 deligendos,

314 2597 352 2629 ui
374 2596 418 2629 ad
439 2596 688 2640 imperatorem
714 2595 822 2638 legati
849 2601 974 2640 petant
1006 2597 1155 2641 primum
1169 2622 1177 2637 ,
1201 2601 1242 2629 ut
1260 2598 1376 2641 magui
1390 2597 1577 2631 domestici
1598 2599 1710 2631 filiam

287 2606 490 2688 Ricephoro
523 2641 599 2674 filio
632 2651 695 2675 tuo
721 2640 965 2687 despondeat:
995 2648 1088 2687 post,
1122 2644 1152 2676 si
1174 2643 1252 2677 fieri
1273 2648 1400 2689 queat,
1422 2649 1465 2679 ut
1484 2654 1544 2678 eos
1564 2645 1635 2678 sui-s
1653 2646 1709 2681 vi-
