1832 3132
291 97 362 153 33
372 119 409 151 2·
811 110 1181 157 CANTACUZENJ
1755 158 1762 160 ,
1821 124 1832 203 3}

94 227 173 264 ΑΒ,
193 228 351 265 ,3,5τις
377 212 487 257 ἔστιν
518 206 612 255 ῖὸέα
637 210 778 268 φιλίας
809 207 837 268 ἢ
862 211 1015 269 τρόπος
1035 216 1185 272 ἕτερος,
1203 211 1252 259 ’ὃν
1266 216 1383 272 ἧμεῖς
1407 211 1483 258 οὔκ
1507 217 1717 268 ἐπεδειξᾶε
1817 211 1832 232 ³³

282 283 395 332 μεθα
421 275 624 332 ἀλλήλοις,
650 272 679 333 ἢ
691 279 731 320 εἰ
752 275 810 334 μὴ
829 276 932 335 πρὸς
954 277 1001 324 τό
1021 277 1250 337 οἷκρότατον
1273 279 1488 339 ἀφίγμεθα
1517 277 1660 338 αὖτῆς,
1684 276 1717 338 ἢ

281 341 582 395 ἀποπνίγεσθαι
602 339 758 398 ἀνάγκη
780 341 854 384 καὶ
873 346 1094 402 πνευοτιᾷν
1112 344 1195 387 ὗπό
1217 348 1288 402 τῆς
1311 347 1491 401 ἀγωνίας
1514 347 1588 388 καὶ
1605 347 1716 402 μηδὲ
1820 343 1832 385 ’ἲ

285 409 357 462 ζῇν
377 407 537 449 ἐθέλειν
550 440 564 460 ,
593 409 632 449 εἰ
659 407 756 464 περὶ
777 406 823 450 τὸ
845 405 953 450 οὕτω
982 408 1111 452 καλὸν
1137 408 1327 467 δεύτερός
1345 426 1454 461 τινος
1475 411 1714 467 φαινοίμην,-
1828 427 1832 432 ·

278 467 306 526 ἢ
327 471 541 528 ἆποπηδᾷν
571 473 654 513 τῶν
692 471 893 515 τοιούτων
917 475 1125 529 λογισμῶν
1161 473 1235 516 καὶ
1269 473 1347 531 τήν
1376 472 1521 531 ψυχὴν
1551 474 1742 517 suffitu&

281 537 570 592 ἰσχυροτέραις
592 533 633 592 ἢ,
653 533 677 579 ὅ
698 553 843 595 φασιν,
858 538 1057 594 ἀνάγκαις
1075 544 1379 597 γεωμετρικαῖς,
1395 540 1454 590 ὥς
1473 534 1714 594 οῧτὲὲὸτιν,

148 612 189 645 V.
207 611 269 646 165
280 596 373 643 οὔτε
389 602 611 657 γεγένηταί
624 618 685 652 τις
711 604 802 646 ἰδέα
826 605 982 660 φιλίας,
997 602 1048 661 ἣν
1064 600 1116 647 ὀὗ
1136 603 1241 662 πρὸς
1261 604 1464 661 ἀλλήλους
1483 601 1603 655 adt-oa*
1617 606 1714 648 ἕπε·-
1825 651 1832 668 ἃ

235 680 262 713 C
279 665 504 719 ὃειξάμεθα
535 666 608 709 καί
629 671 729 721 μεθ’
760 669 1005 725 ὑπερβολῆς.
1048 671 1258 713 καὶτοῦτο
1289 670 1510 714 συνιδόντα
1540 668 1614 712 καί
1639 667 1714 717 τὸν
1822 679 1832 710 1

276 730 567 790 εὖαγγελιστῆν
600 732 793 790 Ἰωάννην
845 736 973 778 ἐννοῶ
1003 740 1088 785 τοῖς
1127 733 1368 792 ἀνθρώποις
1399 732 1712 791 παραγγέλλειν,
1824 733 1832 746 ”

277 794 352 852 τήν
381 796 474 852 ἴσην
497 794 633 854 ὥσπερ
660 797 764 855 πρός
780 797 878 849 τούς
897 801 1060 856 φίλους,
1088 796 1200 842 οὕτω
1227 799 1277 856 δὴ
1297 802 1372 842 καί
1389 797 1490 857 πρὸς
1521 797 1594 842 τὸν
1614 797 1764 847 &bum
1823 811 1832 842 ”.

274 863 562 906 ἐνδείκνυσθαι
587 859 766 920 ἀγάπην.
803 865 844 906 εἷ
859 863 940 922 γὰρ
964 861 1102 922 ὥσπερ
1131 861 1256 915 αὖτὸς
1283 864 1512 922 ἐξήρτημαι
1536 865 1611 921 τῆς
1635 865 1712 920 σῆς

273 926 438 983 γνώμης
456 926 528 969 καί
538 915 674 971 πάντα
703 927 878 985 δεύτερα
897 926 1060 986 ,ἥγημαι
1080 932 1152 985 τῆς
1171 932 1398 987 θεραπείας
1409 931 1482 986 τῆς
1503 931 1591 986 σῆς
1602 924 1709 978 οὕτω

274 993 483 1047 διεκείμην
505 994 579 1036 καί
603 993 708 1049 πρός
727 993 799 1036 τόν
823 992 945 1049 θεὸν,
972 997 1055 1038 ποῦ
1080 993 1155 1038 οὗκ
1172 993 1224 1038 ἄν
1250 997 1460 1052 προῆλθον
1481 991 1656 1051 ἀρετῆς,
1681 987 1711 1050 ἢ

271 1059 396 1100 ποιάν
425 1058 501 1098 οὐκ
524 1054 576 1100 ἂν
598 1057 813 1114 εἰσήνεγκα
837 1061 1025 1116 σπουδὴν
1047 1062 1122 1104 καὶ
1151 1062 1396 1118 προθυμίαν
1415 1058 1518 1117 ὖπὲρ
1541 1061 1618 1103 to&
1635 1057 1710 1109 τὰς
1742 1094 1744 1096 v
1830 1121 1832 1123 Ι

268 1120 439 1172 ἓντολάς
470 1122 604 1165 aito&
628 1121 708 1166 σῦν
730 1123 840 1182 πάσῃ
861 1125 1078 1184 προθυμίᾳ
1096 1128 1325 1183 ἐκπληροῦν
1335 1143 1350 1179 ‚-
1387 1126 1428 1168 εἰ
1455 1126 1504 1168 δὲ
1533 1121 1762 1179 minsas&

230 1197 262 1230 D
278 1184 414 1244 ὥσπερ
442 1185 632 1244 εἴρηκας,
667 1186 800 1232 πάντα
831 1190 1005 1247 δεύτερα
1031 1192 1106 1247 τῆς
1123 1190 1228 1248 πρὸς
1255 1193 1331 1245 ἐμὲ
1348 1189 1429 1248 ἧγῇ
1447 1187 1604 1248 φιλώις,
1624 1189 1709 1244 ἐγώ

267 1268 311 1294 τε
330 1254 406 1295 τοῦ
426 1252 581 1303 παντὸς
602 1256 790 1308 τιμῶμαι
819 1254 873 1298 τοὶ
906 1255 977 1299 σοὶ
996 1255 1101 1314 φιλα
1122 1256 1200 1299 1καὶ
1213 1255 1450 1310 λογιζεσθαι
1477 1258 1551 1299 καί
1573 1252 1709 1312 πράτ-

268 1333 378 1370 τειν,
417 1319 505 1369 πῶς
542 1315 597 1361 ἂν
632 1318 725 1374 ἔχοι
762 1318 910 1378 χώραν
922 1352 935 1376 ,
974 1320 1006 1364 οἲ
1032 1321 1223 1376 ἐνόμιζον
1249 1319 1392 1380 οἷνιᾷν,
1428 1323 1550 1364 ταῦτ’
1573 1322 1709 1372 ἐξεποί-

267 1383 388 1436 τηὸἐς
414 1384 653 1437 λογίζεσθαι
674 1391 808 1428 ποιεῖν
817 1402 832 1439 ,·
862 1383 912 1429 ὃν
939 1389 987 1429 δὲ
1009 1387 1160 1444 τρόπον
1182 1385 1282 1442 ἔσχε
1307 1385 1361 1433 τά
1386 1385 1486 1443 περὶ
1502 1385 1708 1442 Συργιὰνὲ

267 1462 356 1501 νην,
385 1446 508 1497 αὐτὸς
534 1451 630 1504 ἐρῶ.
668 1448 745 1500 τοὶς
770 1453 851 1504 μὲν
878 1452 1017 1503 αἰτίας
1040 1454 1110 1510 ἐφ’
1134 1449 1204 1503 αἷς
1229 1451 1360 1502 ἇλούς
1385 1452 1608 1509 κατεκρίθη
1636 1452 1761 1496 ὃε-αο

265 1511 503 1568 σμωτήριον
531 1514 655 1557 οἰκεῖν
681 1515 763 1558 ὑπὸ
791 1520 996 1571 βασιλέως
1023 1521 1099 1561 τοῦ
1122 1520 1294 1562 πάππου
1332 1520 1409 1561 τοῦ
1435 1520 1536 1572 σοῦ’,
1563 1514 1704 1560 ὀἶσθα

267 1579 342 1620 καί
366 1577 508 1628 αΰτός.
544 1578 624 1634 ἐγώ
654 1581 704 1623 δὲ
728 1581 834 1635 μετὰ
861 1582 906 1626 τὸ
937 1582 1172 1635 Βυζάντιον
1196 1584 1310 1640 ἡμᾶς
1335 1582 1596 1640 ποιήσασθαι
1621 1579 1703 1640 ὑφ’

1820 243 1832 319 1

356 1679 388 1713 9.
412 1666 454 1702 ἐν
477 1668 552 1714 νοῷ
575 1669 773 1716 legebatur.

263 1757 391 1798 nirem,
415 1763 457 1792 ut
478 1757 695 1801 dubitarem,
721 1761 854 1806 ecquid
879 1766 974 1796 esset
999 1762 1071 1797 alia
1094 1763 1272 1809 quaedam
1296 1763 1432 1808 species
1457 1762 1593 1798 aliusve
1619 1774 1700 1811 mo-

264 1803 330 1836 dus
354 1805 394 1837 in
421 1805 596 1847 amicitia,
622 1818 745 1853 .quem
768 1808 863 1841 inter
886 1819 952 1841 nos
982 1820 1056 1844 non
1080 1820 1361 1855 usurpassemus‚
1383 1822 1430 1844 an
1453 1811 1499 1846 ad
1522 1821 1700 1845 summum

263 1850 340 1882 eius
366 1850 545 1896 fastigium
569 1855 872 1897 pervenissemus:
899 1859 962 1887 aut
985 1866 1090 1900 aegre
1112 1857 1249 1900 spirare
1266 1867 1307 1890 ac
1323 1867 1439 1902 paene
1460 1857 1625 1892 suffocari
1641 1866 1702 1890 me

262 1906 348 1939 prae
373 1908 503 1942 angore
528 1900 641 1931 animi
662 1901 843 1946 vitamque
868 1900 1031 1934 acerbam
1053 1907 1182 1947 putare
1209 1913 1268 1936 me
1291 1908 1495 1948 oporteret,
1531 1903 1561 1937 si
1595 1904 1635 1936 in
1659 1913 1700 1940 re

261 1945 333 1974 tam
357 1941 508 1977 honesta
531 1948 679 1990 tamque
703 1945 846 1979 liberali
880 1947 989 1981 alicui
1025 1948 1203 1982 secundus
1225 1949 1426 1984 invenirer:
1464 1954 1528 1983 aut
1557 1949 1699 1982 resilire

262 1987 308 2019 ab
336 1988 543 2023 huiusmodi
566 1992 729 2036 cogitatis
757 1998 793 2026 et
815 1993 972 2026 animum
998 1994 1235 2036 firmioribus,
1272 2007 1400 2043 quam,
1435 1995 1534 2043 quod
1557 1995 1698 2037 dicunt,

262 2036 486 2077 geometricis
507 2035 875 2071 demonstrationibus
900 2041 1129 2082 convincere,
1158 2054 1233 2076 non
1257 2052 1356 2084 esse,
1385 2054 1460 2076 non
1483 2041 1562 2076 fore
1584 2041 1698 2075 ullam

260 2081 441 2114 amicitiae
465 2082 615 2116 formam
640 2084 996 2130 perfectionemque,
1035 2099 1142 2134 quam
1168 2089 1264 2123 inter
1287 2100 1353 2123 nos
1376 2101 1452 2123 non
1475 2089 1696 2134 expresseri-

258 2135 336 2158 mus
361 2127 424 2168 ita,
448 2132 489 2161 ut
514 2128 804 2164 accedere-nihil
826 2133 950 2175 possit.
978 2133 1055 2168 Hoc
1082 2141 1119 2169 et
1141 2136 1292 2170 Ioannes
1312 2135 1532 2181 evangelista
1554 2133 1695 2176 videns,

257 2172 313 2203 uti
338 2173 488 2216 opinor,
512 2173 720 2209 hominibus
746 2179 952 2223 praecepit,
976 2181 1085 2213 talem
1110 2192 1191 2227 erga
1215 2182 1332 2214 Deum
1356 2183 1540 2216 caritatem
1567 2186 1695 2214 osten-

259 2216 358 2257 dere,
382 2220 523 2263 qualem
547 2232 627 2265 erga
652 2224 794 2256 amicos.
842 2224 880 2257 si
908 2227 1004 2258 enim
1029 2237 1093 2272 ego
1118 2227 1421 2273 quemadmodum
1443 2239 1463 2262 a
1481 2233 1542 2262 tua
1559 2227 1694 2261 volun-

255 2268 329 2296 tate
364 2268 461 2298 totus
493 2266 656 2310 pendeo,
694 2271 888 2316 omniaque
922 2283 1011 2317 prae
1053 2279 1116 2308 tuo
1143 2274 1243 2308 cultu
1268 2279 1305 2306 et
1339 2274 1564 2308 observantia
1590 2275 1693 2317 parvi

254 2308 397 2352 pendo,
430 2312 482 2345 sic
516 2323 596 2358 erga
626 2314 743 2348 Deum
775 2316 949 2359 afficerer,
984 2330 1055 2364 quo
1089 2332 1163 2354 non
1186 2321 1329 2353 virtutis
1352 2320 1601 2365 processissem
1629 2324 1692 2352 aut

256 2355 355 2400 quod
385 2357 566 2398 studium,
601 2372 708 2406 quam
744 2362 982 2407 cupiditatem
1013 2366 1059 2399 ad
1082 2366 1249 2400 mandata
1283 2366 1358 2399 eius
1382 2365 1599 2400 hilarissime
1621 2365 1691 2398 ob-

255 2402 376 2436 eunda
402 2415 476 2436 non
501 2404 773 2441 adhibuissem?
822 2409 860 2443 Si
884 2422 990 2455 porro
1015 2417 1072 2452 tu,
1108 2413 1201 2446 sicut
1233 2412 1382 2453 dixisti,
1422 2412 1543 2445 omnia
1577 2412 1692 2445 amori

256 2454 379 2481 nostro
401 2453 590 2494 postponis
604 2478 612 2493 ,
640 2459 676 2486 et
698 2456 856 2488 vicissim
875 2457 915 2490 in
941 2469 1060 2491 amore
1085 2459 1139 2492 tui
1159 2457 1248 2493 mihi
1268 2463 1352 2492 sunt
1370 2460 1509 2499 omnia,
1533 2462 1575 2490 ut
1596 2469 1692 2503 quae

256 2498 295 2525 tu
324 2494 399 2536 vis,
424 2507 466 2528 ea
496 2501 532 2530 et
556 2499 709 2544 cogitem
739 2506 775 2534 et
799 2513 916 2546 agam,
953 2506 1016 2550 qui
1041 2506 1168 2548 potui,
1193 2516 1283 2551 quae
1306 2506 1509 2538 molestiam
1532 2503 1601 2536 tibi
1625 2515 1690 2548 pa-

255 2540 591 2584 ritura‘crederem‚
628 2557 668 2578 ea
693 2547 737 2580 de
761 2548 938 2582 industria
962 2550 1111 2585 facere?
1157 2553 1231 2585 Iam
1263 2553 1345 2597 quis
1378 2557 1491 2585 status
1520 2550 1689 2595 Syrgian-

254 2586 310 2618 nis
337 2588 467 2629 fuerit,
500 2589 645 2623 edicam.
695 2592 855 2638 Quorum
883 2597 1074 2630 criminum
1103 2602 1327 2642 compertus,
1361 2598 1406 2631 ab
1431 2609 1496 2631 avo
1519 2602 1583 2631 tuo
1607 2607 1686 2630 car-

254 2643 333 2665 cerc
365 2633 550 2669 damnatus
586 2639 651 2678 sit,
690 2644 730 2672 tu
762 2652 907 2686 quoque
954 2644 1062 2676 nosti.
1109 2643 1220 2689 Atqui
1245 2655 1327 2690 ego,
1363 2643 1511 2677 subacto
1535 2655 1555 2676 a
1579 2643 1686 2677 nobis

254 2678 441 2722 Byzantio,
480 2682 710 2719 vehomenter
748 2685 875 2719 durum
912 2693 947 2720 et
981 2700 1000 2721 a
1027 2691 1337 2726 commiseratione
1360 2690 1518 2726 alienum
1541 2691 1684 2730 censui,
