1820 3164
249 64 355 128 532
763 81 1128 126 emmenum

53 188 136 229 ΑΒ.
157 191 243 238 ¹339
253 188 474 240 ταμέλειαν
500 185 634 238 ὖμαῖν,
663 183 712 224 οὗ
737 182 861 236 μόνον
881 182 934 225 τά
961 182 1143 240 ὑμέτερα
1165 185 1363 241 κτήματα,
1382 186 1489 230 ἀλλὰ
1500 189 1575 231 καὶ
1594 189 1677 232 τῶν

253 246 389 294 ἄλλων
411 249 615 304 συγγενῶν
643 245 760 301 ὑμῶν
777 254 863 298 τοῖς
882 249 1184 307 δυνατωτάτοις
1195 249 1459 307 Ἀκαρνάνων
1477 251 1676 309 παραδώ-

204 331 326 366 Βσει·
367 315 408 357 οἳ
430 315 602 370 κέρδους
638 314 755 355 ἕνεκα
783 314 892 356 ἰδίου
923 314 996 356 καὶ
1021 311 1125 370 ὑπὲρ
1161 313 1336 368 δύναμιν
1372 313 1676 372 πολεμήσουσιν

247 379 348 434 ὑμῖν
376 378 432 428 ὦς
450 376 767 431 πολεμιωτάτοις
786 378 858 420 καί
875 377 1014 434 ὀλίγην
1030 376 1196 433 ἔχοντες
1221 379 1266 420 ἐκ
1283 381 1486 432 βασιλέως
1505 397 1677 438 στρατι-

248 443 316 497 ὰν,
339 443 411 486 καί
435 443 508 485 οὔκ
537 442 739 498 ἀνήσουσι
761 445 1070 500 πολιορκοῦντες
1090 439 1213 500 ἄχρις
1240 438 1289 486 οὗ
1316 445 1706 503 παραστησάμενοιό

249 510 405 558 αὐτούς
429 524 474 550 τε
501 510 573 551 καί
588 515 786 563 γυναῖκας
805 508 878 551 καί
891 511 1024 564 τέκνα,
1051 507 1254 565 θήσουσιν
1273 507 1529 566 ὑπερορίους.
1554 515 1679 567 βασι-

247 573 346 623 λεύς
356 575 401 616 δὲ
415 573 487 616 καί
501 573 619 630 ἡμεῖς
639 572 778 616 οἴκαδε
795 572 1131 631 ἀναχωρήσομεν.
1153 575 1369 629 σκέψασθε
1385 570 1460 618 οὖν
1478 571 1525 619 οἷ
1537 579 1678 620 κακῶν

250 639 278 681 0‘
303 639 405 696 πρὸς
431 641 607 693 βασιλέα
638 638 816 694 πόλεμος
834 640 935 693 ὑμῖν
951 641 1148 696 χωρήσει·
1169 639 1243 683 ἐὰν
1270 641 1312 682 δ’
1339 639 1435 695 ἐμοὶ
1454 639 1508 684 τά
1529 643 1677 696 βελτίω

249 706 524 761 παραινοῦντι
553 706 756 760 πείθησθε
783 707 856 748 καί
879 701 1059 755 ἑαυτούς
1085 708 1255 759 βασιλεῖ
1268 707 1341 748 καὶ
1360 705 1436 761 τὴν
1456 705 1573 753 πόλιν
1596 722 1679 748 πα·-

250 770 433 825 ραδῶτε,
462 771 625 826 πρῶτον
652 772 753 823 μὲν,
792 766 891 826 ὅπερ
923 769 1041 812 αὗτοί
1067 767 1138 811 διὰ
1165 772 1350 827 σπουδῆς
1384 773 1593 825 ποιεῖσθε,
1628 768 1729 815 τὸιο

251 836 477 894 Νικηφόρῳ
505 836 562 892 τῷ
589 833 706 888 ὑμῶν
734 833 906 893 δεσπότῃ
934 830 1139 891 ὠφέλειάν
1165 851 1259 878 τινα
1285 838 1481 893 ἐξευρεῖν,
1508 837 1683 888 ἐξέσται.

252 900 332 957 ἐγώ
377 899 457 958 γάρ
497 901 611 960 αὐτῷ
649 899 726 956 τὴν
763 899 866 956 ἐμήν
902 900 1165 956 κατεγγυήσω
1205 903 1430 959 θυγατέρα·
1485 897 1585 959 ὅπερ
1612 899 1683 946 ὅτι

250 981 296 1020 γε
347 964 513 1015 οὐδενὸς
541 965 731 1021 δεύτερον
759 966 818 1014 εἰς
845 961 1040 1019 εὖτυχίας
1073 965 1192 1021 λόγον
1221 967 1310 1008 οὔδ’
1339 963 1470 1011 advoc,
1497 967 1682 1022 ἀγνοεῖτε

123 1035 160 1074 Ρ.
171 1033 241 1073 323
255 1030 403 1087 δήπου.
457 1029 536 1086 ἐγώ
566 1048 609 1074 τε
636 1030 715 1087 γάρ
746 1029 802 1080 ὥς
830 1029 922 1073 υἱὸν
949 1032 1167 1087 ἐκθρέψω,
1205 1031 1279 1075 καί
1301 1030 1497 1086 βασιλεὺς
1523 1034 1597 1088 τῆς
1621 1034 1682 1083 εἷς

252 1098 328 1150 ἐμὲ
358 1093 520 1146 εὖνοίας
548 1099 665 1139 ἕνεκα
683 1101 823 1150 τιμαῖς
842 1112 884 1139 τε
905 1098 977 1139 καί
998 1101 1169 1147 πολλαῖς,
1191 1097 1444 1154 εὖεργεσίαις
1469 1099 1679 1156 περιφανῆ
1686 1100 1733 1143 15

251 1160 369 1218 παρὰ
393 1159 623 1216 ιΡωμαίοις
650 1162 784 1218 θήσει.
834 1160 975 1204 ἔπειτα
1003 1164 1076 1204 καί
1096 1159 1262 1213 ἑαυτοῖς
1290 1159 1366 1205 οὖκ
1385 1162 1534 1218 ὄλίγων
1559 1164 1683 1206 τινῶν

251 1223 425 1282 ἀγαθῶν
456 1225 579 1270 αἴτιοι
609 1225 842 1282 γενήσεσθε.
900 1226 1090 1270 ἐνταῦθά
1124 1244 1167 1270 τε
1190 1227 1270 1283 γάρ
1300 1226 1411 1282 ὑμᾶς
1437 1224 1490 1270 εὖ
1517 1226 1680 1284 ποιήσει

250 1291 448 1347 βασιλεὺς
462 1325 475 1345 ,
509 1288 571 1340 οἷς
599 1291 729 1345 εἴχετε
757 1291 951 1348 πρότερον
977 1293 1050 1335 καί
1077 1295 1202 1349 ἕτερα
1228 1293 1448 1350 προσθείς·
1501 1292 1574 1335 καὶ
1598 1294 1682 1336 τῶν

253 1357 482 1416 Νικηφόρῳ
510 1359 565 1416 τῷ
591 1355 709 1410 ὑμῶν
737 1357 914 1414 δεσπότῃ
955 1357 1384 1414 ἀπονεμηθησομένων
1421 1357 1682 1401 ἀπολαύσετε

251 1422 299 1466 τὸ
329 1425 468 1479 μέρος.
498 1424 623 1464 πλείω
649 1424 726 1476 μὲν
751 1419 826 1464 οὖν
855 1423 993 1464 οὐκέτι
1021 1425 1107 1465 δεῖν
1136 1422 1276 1477 οἴομαι
1303 1423 1527 1479 συνείρειν·
1555 1421 1732 1469 ἱκανάαο

254 1487 333 1546 γὰρ
363 1491 462 1544 παρ’
490 1483 540 1529 εὖ
568 1489 770 1544 φρονοῦσι
794 1486 870 1530 καὶ
892 1486 944 1530 τοὶ
973 1488 1183 1544 εἰρημένα,
1212 1484 1320 1530 ὅσων
1347 1503 1394 1529 τε
1419 1489 1554 1531 κακῶν
1580 1489 1683 1542 ὑμῖν

256 1552 279 1595 ὅ
299 1551 478 1606 πόλεμος
500 1550 629 1601 αἴτιος
650 1550 770 1594 ἔσται
792 1556 1047 1606 καταμαθεῖν
1068 1552 1142 1596 καί
1160 1549 1267 1594 ὅσων
1294 1553 1463 1607 ἀγαθῶν
1485 1550 1534 1594 τὸ
1556 1567 1685 1610 προσ-

255 1619 450 1675 χωρῆσαι
475 1620 660 1671 βασιλεῖ·
706 1616 805 1670 ὑμῖν
834 1618 879 1660 δὲ
907 1619 1069 1668 ἐξέσται
1097 1619 1461 1673 διασκεψαμένοις,
1496 1618 1580 1662 τῶν
1624 1619 1685 1661 εἰ-

350 1709 402 1742 16.
432 1704 561 1752 ὀλίγον
583 1705 777 1751 legebatur.

256 1799 452 1845 speraverit
466 1823 475 1839 ‚
500 1810 574 1832 non
597 1802 728 1833 vestras
754 1797 937 1832 dumtaxat
951 1823 961 1840 ‚
994 1798 1056 1833 sed
1084 1803 1121 1833 et
1144 1803 1368 1846 cognatorum
1391 1802 1587 1833 vestrorum
1609 1797 1684 1833 for-

254 1852 360 1880 tunas
385 1845 607 1878 Acarnanum
632 1846 887 1890 potentissimis
911 1846 1016 1891 gratis
1041 1845 1156 1880 dabit.
1204 1846 1278 1891 Qui
1302 1847 1357 1879 sui
1388 1851 1556 1891 quaestus
1580 1845 1685 1889 cupi-

257 1892 342 1931 dine
375 1893 569 1934 commoti,
608 1892 667 1926 vel
699 1892 792 1924 ultra
815 1893 908 1924 vires
941 1892 1095 1925 animosi
1120 1898 1156 1926 et
1183 1904 1292 1938 parvo
1312 1892 1356 1925 ab
1382 1893 1598 1937 imperatore
1622 1901 1683 1923 ac-

257 1943 360 1984 cepto
397 1937 601 1981 praesidio,
632 1942 674 1971 ut
706 1937 1026 1981 perniciosissimos
1061 1937 1181 1972 hostes
1212 1949 1273 1972 vos
1305 1937 1584 1983 oppugnabunt,
1616 1947 1684 1970 nec

258 1984 424 2018 obsidere
453 1984 662 2023 cessabunt,
687 1976 807 2029 quoad
831 1984 993 2017 subactos
1019 1995 1098 2016 cum
1123 1984 1335 2028 coniugibus
1360 1990 1396 2018 et
1419 1983 1544 2017 liberis
1566 1983 1683 2027 patria

252 2035 417 2063 ⁴extorres
441 2029 675 2063 reddiderint.
723 2029 796 2062 Nos
820 2040 898 2063 cum
925 2031 1137 2074 imperatore
1171 2031 1315 2064 domum
1341 2035 1570 2068 revertemur.
1615 2029 1682 2063 vi-

259 2076 342 2109 dete
377 2076 503 2120 igitur,
541 2076 671 2122 quibus
705 2076 844 2109 casibus
867 2075 936 2109 hoc
960 2076 1095 2109 bellum
1118 2088 1179 2110 vos
1213 2076 1418 2110 obiectabit.
1467 2076 1505 2109 Si
1528 2086 1585 2108 me
1607 2085 1683 2108 me-

260 2123 352 2155 liora
375 2122 581 2155 suadentem
605 2121 811 2163 audieritis,
847 2133 981 2168 vosque
1009 2128 1045 2155 et
1069 2123 1194 2156 urbem
1218 2123 1425 2168 imperatori
1449 2120 1684 2162 dedideritis‚

260 2169 415 2213 primum
441 2167 606 2212 quidem,
645 2168 742 2213 quod
764 2168 932 2209 studetis,
967 2167 1169 2212 Nicephoro
1196 2169 1365 2214 despotae
1389 2174 1503 2202 vestro
1527 2178 1683 2201 commo-

262 2215 346 2248 dare
370 2213 519 2247 licebit:
546 2225 608 2258 ego
635 2215 730 2247 enim
756 2215 866 2248 filiam
891 2225 1005 2247 meam
1030 2216 1063 2248 ei
1086 2227 1232 2257 uxorem
1258 2215 1491 2260 coniungam,
1525 2213 1622 2259 quod
1645 2214 1684 2245 in

262 2271 398 2293 summa
421 2260 597 2294 felicitate
627 2259 857 2304 ponendum,
887 2272 955 2294 nec
977 2272 1040 2295 vos
1064 2262 1220 2295 nescitis.
1269 2261 1470 2301 Praeterea,
1501 2265 1543 2293 ut
1569 2260 1685 2293 filium

262 2317 380 2339 meum
405 2305 581 2338 educabo:
606 2311 643 2339 et
666 2306 879 2350 imperator,
908 2307 971 2352 qui
996 2306 1085 2340 mihi
1110 2307 1203 2341 bene
1226 2307 1316 2348 vult,
1338 2317 1416 2340 mea
1439 2317 1542 2339 causa
1565 2305 1685 2338 hono-

263 2351 362 2386 ribus
385 2363 425 2384 ac
446 2351 630 2385 beneficiis
653 2353 748 2395 apud
769 2354 943 2386 Romanos
970 2353 1244 2397 amplitudinem
1257 2355 1333 2386 eius
1350 2351 1556 2386 illustrabit.
1581 2350 1683 2384 Adde

263 2398 363 2443 quod
394 2403 432 2430 et
453 2397 553 2433 vobis
584 2408 658 2431 non
696 2409 807 2441 pauca
833 2398 919 2432 hinc
951 2400 1190 2433 emolumenta
1225 2399 1406 2443 parabitis.
1453 2397 1541 2431 Nam
1565 2401 1601 2430 et
1624 2396 1684 2429 hic

263 2456 349 2489 opes
373 2449 505 2476 vestras
530 2443 726 2477 cumulabit
749 2446 956 2488 imperator,
983 2451 1019 2479 et
1042 2456 1134 2490 quae
1147 2444 1347 2489 Nicephoro
1373 2445 1542 2489 despotae
1565 2447 1682 2475 vestro

263 2489 560 2534 assignabuntur,
601 2501 644 2523 ex
678 2490 723 2522 iis
759 2491 913 2523 fructum
950 2491 1107 2537 aliquem
1147 2492 1304 2534 capietis.
1353 2491 1454 2523 Plura
1489 2488 1684 2522 acervanda

264 2536 371 2569 dictis
395 2547 469 2568 nou
493 2546 639 2576 censeo,
657 2546 735 2568 cum
761 2547 804 2568 ex
827 2536 883 2569 his
908 2538 970 2582 qui
994 2539 1139 2582 sapiunt
1163 2537 1302 2581 possint
1320 2537 1542 2581 intelligere,
1566 2545 1683 2579 quau-

264 2587 341 2616 tam
366 2581 438 2614 vim
461 2582 635 2615 malorum
658 2581 818 2621 bellum,
846 2588 1018 2627 quantam
1042 2583 1195 2619 vicissim
1219 2582 1396 2616 bonorum
1418 2582 1556 2626 copiam
1579 2579 1685 2613 dedi-

264 2629 317 2663 tio
343 2627 493 2662 allatura
525 2629 582 2666 sit.
629 2627 701 2663 Vos
725 2627 947 2663 considerate
975 2635 1012 2663 et
1047 2629 1218 2664 utrumvis
1242 2629 1417 2675 eligitote.
1464 2629 1510 2662 Ut
1531 2627 1685 2663 absolvit
