1852 3146
344 93 453 149 252
869 105 1240 152 CANTACUZENI

149 217 231 254 ΔΕ.
247 209 330 265 1327'
345 214 400 270 ρᾷ
426 206 544 254 εἶναι·
570 209 643 254 τόν
667 210 809 263 μέντοι
835 207 1100 267 πατριάρχην
1122 212 1197 252 τοῦ
1223 211 1524 268 πατριαρχείου
1551 199 1772 267 ἐκβληθέν-

342 294 407 330 τα,
431 277 475 318 ἐν
500 277 550 333 τῇ
574 277 679 332 μονῇ
705 277 785 318 τῶν
806 273 1047 330 Μαγκάνων
1073 274 1271 332 ἆπρόϊτον
1296 275 1449 330 μένειν·
1472 274 1570 333 τοὺς
1597 276 1644 318 δὲ
1667 275 1772 333 πρὸς

300 340 415 384 Βτὸν
444 342 535 384 νέον
561 341 737 396 βασιλέα
759 341 1114 396 παραγενομένους
1132 341 1354 398 ἀρχιερέας
1371 341 1466 397 μήτ’
1490 339 1642 395 αὐτοῦς
1665 350 1776 398 προ-“

336 409 445 449 ἴέναι
482 407 565 449 τῶν
607 407 745 448 οἰκιῶν
785 402 922 449 αὖτῶν
939 440 952 460 ,
979 404 1082 462 μήθ’
1109 403 1276 462 ἑτέρὸυς
1301 409 1401 463 παρ’
1429 404 1583 456 αὐτοὺς
1609 407 1774 464 φοιτᾷν.

336 472 470 513 ταῦτα
495 472 574 525 μὲν
602 467 678 514 οὖν
703 467 733 529 ᾗ
759 472 1008 528 προσέταξεν
1032 469 1189 526 ἐγένετο
1217 470 1238 513 ὁ
1265 474 1472 526 βασιλευς.
1496 469 1600 526 μετὰ
1626 472 1674 514 δὲ
1699 469 1805 527 τὴνό
1834 469 1842 487 ·’

337 537 383 577 ἐκ
409 537 482 577 τοῦ
521 537 613 578 νέου
642 538 846 590 βασιλέως
870 539 951 579 τῶν
988 537 1198 593 πρέσβεων
1225 532 1488 593 ἀναχώρησιν
1524 538 1642 579 πέντε
1658 534 1774 593 ’πρὸς

335 602 421 645 τῶν
449 601 548 642 δέκα
577 600 743 658 ἡμερῶν
771 602 1064 656 διηνυσμένων,
1095 600 1188 644 ἐπεὶ
1204 600 1308 656 μήτε
1335 599 1447 658 παρὰ
1468 594 1673 656 βασιλέως
1692 601 1776 642 ποῦ’

338 668 637 722 πρεσβυτέρου,
665 666 769 722 μήτε
796 668 871 709 τοῦ
894 666 1157 722 πατριάρχου
1181 663 1376 721 ἀπολογία
1400 682 1464 716 τις
1482 663 1655 723 ἄφίκετο
1670 665 1773 721 πρὸς

337 729 491 784 αὐτὸν,
544 731 619 772 οὐκ
646 733 713 773 ἐπ’
740 728 886 790 ἀγαθῷ
913 731 1234 788 τεκμαιρόμενος
1259 727 1367 774 εἶναι
1390 730 1464 788 τὴν
1489 729 1641 788 σιγὴν,
1666 725 1785 780 ἅμα·
1841 738 1844 744 ’

335 796 395 853 τῷ
417 795 582 854 μεγάλῳ
609 796 834 854 δομεστίκῳ
862 798 935 839 καί
959 795 1300 854 πρωτοστράτορι
1323 795 1592 851 ἐβουλεύοντο
1616 795 1664 841 τί
1685 795 1852 837 osonio-s

335 867 490 903 ποιεῖν.
518 858 631 904 εἶπεν
658 856 731 904 οὖν
758 861 780 903 ὅ
810 863 941 917 μέγας
968 863 1228 916 δομέστικος·
1257 862 1426 916 ,,οὕκέτι
1453 862 1559 916 δέον,
1584 854 1622 905 ’ὅ
1646 863 1772 915 βασι-

335 927 421 979 λεῦ’,
450 926 681 982 ἀπράκτους
708 930 945 982 καθῆσθαι,
974 928 1065 970 ἄλλ’
1093 926 1218 985 ἔργου
1247 926 1433 983 ἔχεσθαι.
1462 923 1562 970 οὖδὲ
1588 923 1668 985 γὰρ
1705 925 1772 970 ἔτι

333 989 444 1040 τινὸς
473 984 617 1046 Ιἐνδεῖν,
649 989 675 1033 ὃ
700 993 937 1049 πράξαντας
964 994 1078 1043 ἐλπίς
1105 992 1178 1036 τὸν
1205 992 1384 1046 πόλεμον
1405 993 1647 1035 καταλῦσαι.
1673 987 1709 1046 δ’,
1725 1006 1773 1034 τε

335 1053 416 1112 γὰρ
445 1055 608 1111 χρόνος,
638 1054 683 1099 ὃν
712 1060 897 1101 ἐνταῦθα
920 1057 1150 1113 καθήμενοι
1169 1057 1351 1113 δεόμεθα
1378 1059 1597 1114 βασιλέως,
1622 1057 1773 1100 τοσοῦ-

341 1135 415 1161 τον
439 1118 670 1176 ὖπερήλασε
697 1121 770 1163 καί
793 1120 838 1165 τὸ
869 1123 984 1176 δέον,
1036 1119 1133 1165 ὥστ’
1168 1118 1248 1180 ἤδη
1293 1124 1343 1166 οὔ
1384 1122 1676 1179 μεγαλοψυχία
1703 1117 1839 1164 uati&

216 1190 336 1231 P.156
345 1187 539 1241 καρτερία
563 1184 589 1241 ἦ
613 1187 684 1228 ε’πί
700 1188 823 1229 πλέον
849 1187 1101 1244 παράτασις,
1120 1190 1211 1232 ἄλλ’
1232 1187 1421 1245 ἔκπληξις
1447 1186 1551 1245 πρὸς
1575 1185 1628 1232 τὰ
1658 1186 1772 1233 δεινοὶ

341 1248 414 1291 καί
439 1249 617 1303 ἀτολμία
646 1250 762 1302 δόξαι
792 1246 845 1294 ἄν
871 1268 958 1294 τισι
986 1253 1180 1304 δικαίως·
1227 1252 1332 1310 πρός
1366 1269 1411 1296 τε
1437 1253 1614 1308 βασιλέα
1652 1249 1774 1296 οὐδὲν

341 1311 422 1370 ὅ,τι
450 1317 755 1369 παραλέλοιπας
793 1319 875 1360 τῶν
904 1316 1103 1373 δεόντων,
1144 1319 1252 1361 ἀλλὰ
1280 1317 1482 1375 πρότερόν
1507 1335 1550 1361 τε
1577 1316 1783 1368 πολλάκις

341 1381 608 1436 ἐπρεσβεύσω
637 1379 743 1437 πρὸς
771 1378 899 1425 αὕτόν
928 1383 1119 1436 δεόμενος
1144 1382 1203 1439 μῆ
1231 1386 1462 1426 καταλῦσαι
1486 1381 1562 1440 τὴν
1588 1380 1770 1439 εἰρήνην,

341 1444 415 1486 καὶ
439 1446 513 1487 νῦν
540 1443 641 1502 πρὸς
667 1445 765 1495 τοὺς
787 1447 945 1490 ἐκεῖθεν
973 1443 1230 1504 ἀφιγμένους
1262 1451 1455 1505 πρέσβεις
1495 1445 1574 1491 ὅσα
1601 1444 1653 1504 ἦν
1679 1448 1838 1491 ἐπι-πᾶ

341 1511 576 1563 θυμοῦντος
612 1509 688 1567 τήν
727 1511 912 1568 εἰρήνην,
960 1513 1144 1555 ἐνταῦθά
1171 1530 1216 1555 τε
1251 1510 1370 1564 εἶπας
1395 1512 1467 1555 καὶ
1489 1511 1595 1568 πρὸς
1618 1515 1772 1556 ἐκεῖνον

343 1574 663 1632 διεπρεσβεύσω.
696 1573 784 1630 fisce
822 1575 1047 1634 παρελθών
1073 1576 1232 1633 χρόνος
1248 1576 1354 1632 μετοὶ
1382 1575 1428 1621 τὸ
1456 1576 1556 1629 τούς
1580 1579 1773 1635 πρέσβεις
1795 1623 1800 1629 ,

433 1700 466 1723 2.
495 1687 667 1721 Palatium
706 1691 744 1721 et
779 1688 1034 1721 monasterium
1066 1686 1175 1722 huius
1212 1687 1370 1722 nominis
1406 1688 1488 1722 aliis
1533 1688 1771 1734 scriptoribus

431 1732 648 1778 Μάγγανα;
673 1734 886 1777 promiscue,
911 1739 951 1767 ut
961 1733 1135 1779 Φράγγος
1162 1740 1200 1768 et
1223 1733 1411 1779 Φράγκος,
1433 1735 1513 1770 ED.
1529 1736 1571 1770 P.
1649 1735 1771 1769 Inter-

431 1791 515 1825 pres
548 1778 776 1824 οἷπρόσιτονε
804 1788 839 1814 et
857 1779 909 1813 ad
933 1792 1011 1815 eum
1040 1782 1218 1815 neminem
1246 1791 1397 1828 prorsus
1427 1779 1576 1818 admitti
1583 1793 1600 1828 ‚⁸
1625 1780 1689 1816 sed
1710 1780 1774 1815 hie

433 1831 473 1860 et
494 1825 590 1872 apud
606 1826 799 1872 Gregoram
824 1832 879 1860 est
899 1826 1240 1873 ἄπρόϊτον.ΕΒ.Ρ.

341 1903 451 1939 rabili
487 1905 540 1938 ira
576 1904 744 1938 efferbuit
775 1905 1053 1950 praecepitque,
1077 1905 1160 1939 illos
1194 1905 1234 1941 in
1257 1917 1432 1941 carcerem
1465 1906 1591 1987 stau?
1623 1905 1768 1949 abduci,

340 1951 537 1985 Macarium
563 1951 742 1986 serrarum
767 1952 1032 1995 metropolitam
1050 1953 1089 1985 in
1112 1953 1248 1997 palatio
1274 1953 1340 1987 sub
1365 1951 1528 1987 custodia
1569 1953 1680 1994 eneri,
1702 1963 1770 1998 pa-

340 1997 533 2030 triarcham
553 1997 771 2042 patriarchio
798 1998 963 2038 eiectum,
987 1999 1026 2031 in
1041 1999 1277 2044 Manganensi
1305 1999 1519 2033 monasterio
1541 2010 1684 2033 manere
1701 2010 1769 2035 nec

342 2043 435 2077 foras
461 2043 645 2088 progredi,
679 2044 858 2087 profectos
896 2055 979 2078 vero
1012 2045 1057 2077 ad
1091 2051 1262 2090 nepotem
1297 2046 1484 2091 episcopos
1517 2057 1636 2092 neque
1669 2046 1768 2090 ipsos

342 2089 491 2122 aedibus
526 2091 598 2123 suis
635 2090 764 2134 pedem
794 2093 936 2131 efferre,
970 2102 1090 2137 neque
1126 2091 1172 2125 ad
1209 2092 1291 2126 illos
1326 2103 1543 2138 quemquam
1578 2092 1765 2125 ventitare.

343 2135 452 2170 Facta
476 2135 521 2168 ad
546 2137 622 2169 eius
654 2135 842 2169 arbitrium
873 2137 1004 2170 omnia.
1051 2137 1189 2171 Diebus
1223 2137 1431 2184 quindecim
1454 2150 1475 2171 a
1506 2149 1646 2172 recessu
1669 2138 1769 2182 lega-

344 2184 464 2214 torum
487 2183 672 2215 transactis
686 2207 696 2223 ,
720 2193 799 2215 cum
826 2193 944 2227 neque
975 2183 1020 2216 ab
1044 2195 1121 2224 avo,
1145 2195 1264 2230 neque
1290 2196 1311 2218 a
1334 2183 1535 2230 patriarcha
1558 2194 1767 2229 responsum

343 2230 548 2265 afferretur,
574 2227 669 2261 nihil
692 2227 779 2262 boni
804 2239 848 2261 ex
871 2228 940 2262 hoc
963 2230 1108 2263 silentio
1132 2231 1329 2265 coniiciens
1360 2231 1504 2271 iunior,
1537 2241 1618 2264 cum
1640 2241 1766 2275 magno

344 2272 539 2307 domestico
564 2280 601 2307 et
634 2280 890 2318 protostratore
915 2276 1004 2320 quid
1032 2276 1206 2321 agendum
1231 2282 1348 2316 esset,
1381 2276 1680 2310 deliberationem
1705 2277 1767 2308 in-

342 2320 475 2356 stituit.
528 2319 584 2352 Ibi
611 2331 755 2365 magnus
787 2320 1023 2361 domesticus,
1056 2321 1138 2355 Non
1168 2324 1262 2356 ultra
1296 2322 1510 2364 sedendum,
1546 2322 1610 2356 sed
1642 2332 1766 2355 manus

343 2366 446 2410 operi
470 2365 732 2400 admoliendas:
768 2366 863 2399 nihil
893 2369 990 2401 enim
1018 2374 1149 2402 restare
1174 2369 1348 2414 amplius,
1383 2380 1454 2414 quo
1479 2369 1524 2402 ab
1547 2369 1635 2414 ipsis
1657 2378 1766 2412 prae-

342 2411 442 2453 stito,
465 2411 602 2444 bellum
627 2413 832 2457 quieturum
856 2424 936 2458 spes
962 2415 1017 2446 sit.
1049 2414 1140 2447 Nam
1163 2420 1199 2448 et
1220 2420 1373 2459 tempus,
1399 2426 1470 2460 quo
1495 2414 1556 2447 hic
1579 2424 1764 2447 moraren-

341 2461 426 2497 tur,
459 2457 708 2502 imperatorem
734 2470 837 2491 avum
869 2461 1084 2504 rogitantes,
1123 2471 1236 2506 usque
1268 2472 1309 2494 eo
1335 2461 1527 2493 terminum
1560 2459 1764 2499 excessisse,

342 2508 384 2536 ut
415 2504 488 2536 iam
519 2504 661 2548 longior
694 2506 910 2547 exspectatio
947 2517 1020 2539 non
1053 2505 1337 2551 magnanimitati
1369 2518 1410 2540 ac
1434 2505 1674 2545 tolerantiae,
1699 2506 1764 2539 sed

342 2550 624 2584 consternationi
638 2550 675 2583 in
700 2550 805 2583 rebus
829 2551 949 2584 arduis
971 2557 1007 2584 et
1028 2551 1189 2597 ignaviae
1210 2553 1336 2586 merito
1361 2550 1551 2584 tribuenda
1575 2550 1761 2587 videatur:

343 2599 380 2628 et
404 2606 527 2629 omnes
550 2596 662 2629 officii
686 2601 804 2640 partes
828 2608 908 2641 erga
930 2598 1031 2630 illum
1051 2598 1211 2642 expletas
1235 2609 1333 2638 esse,
1357 2608 1435 2630 cum
1461 2601 1498 2630 et
1522 2602 1627 2630 antea
1651 2598 1771 2638 toties

340 2652 406 2687 per
432 2642 578 2696 legatos,
602 2647 642 2675 ut
658 2642 771 2688 pactis
797 2643 980 2676 conventis
1008 2649 1129 2684 staret,
1154 2643 1200 2677 ab
1225 2655 1268 2677 eo
1291 2643 1472 2688 petiverit,
1496 2648 1534 2677 et
1559 2653 1654 2677 nunc
1678 2654 1759 2678 cum

341 2688 386 2720 iis
423 2699 485 2733 qui
518 2688 621 2724 illinc
643 2693 816 2723 venerant
843 2688 991 2734 legatis,
1029 2700 1264 2737 quaecunque
1298 2689 1420 2735 potuit
1451 2689 1629 2736 quispim
1659 2687 1772 2735 pacis*
