1832 3138
328 98 346 133 1
359 78 431 133 08
853 92 1225 135 CANTAcqum

125 201 206 237 A.C.
226 202 304 236 1321
319 198 371 254 ρᾷ
398 211 443 238 τε
471 195 635 245 ἐξέσται
661 187 985 248 ἀσφαλίσασθαι
1012 194 1064 238 τά
1087 193 1309 249 βασίλεια,
1355 192 1430 237 καὶ
1453 197 1545 244 ταῖς
1570 197 1645 239 τοῦ
1668 197 1762 239 Βυ-

217 271 251 305 P.
264 262 481 312 ὀῼζαντίου
511 257 663 307 πύλαις
689 256 789 308 τούς
815 259 1002 312 μάλιστα
1030 260 1336 313 εὔνουστάτους
1362 276 1428 302 σοι
1451 261 1670 316 ἐπιστῆσαι
1687 278 1762 315 μι-

316 325 568 382 σθοφόρους,
596 322 770 379 ἔχοντας
797 322 966 376 ὁπλίτας
992 324 1159 376 ἱκανοὺς
1180 329 1272 375 ταῖς
1298 326 1383 368 τῶν
1408 325 1762 380 ἐπιβουλευόντων
1808 324 1813 341 ”

316 388 468 446 ὁρμαῖς
496 389 764 444 αντιστῆναι.
816 407 893 433 καν
931 408 974 433 τι
1000 392 1126 445 μόνον
1153 388 1258 447 πρὸς
1285 387 1333 432 τὸ
1361 388 1677 441 εἰσδέξασθαι*
1652 392 1763 454 ημᾶς

316 455 491 508 κώλυμα
529 454 686 532 εὑρεθῇ
698 489 712 509 ,
757 472 815 506 ως
848 454 954 513 πρὸς
991 456 1200 499 ἀδύνατον
1225 453 1298 511 τὴν
1326 454 1587 535 ἐπιχείρησιν
1614 454 1789 507 ἄπάξωό

314 518 390 575 τήν
418 517 642 576 στρατιάν.
695 522 843 575 δέομαι
872 520 922 577 δή
960 521 1020 577 μὴ
1049 520 1146 572 τοὺς
1182 520 1331 576 λόγους
1358 519 1679 565 ὑποπτεύσαντα
1706 538 1763 571 ως

318 587 426 638 ἐμοῦ
460 587 789 642 διαφερομένου,
834 582 1194 646 (ἔπορ’ῥαθυμῆσαι
1221 584 1327 643 πρὸς
1351 585 1398 628 τὸ
1430 583 1506 642 τὴν
1525 581 1763 642 ἀσφάλειαν

317 652 657 710 ἐξαρτύσασθαι.
687 653 914 706 πέπεισμαι
935 669 1015 710 γαρ
1045 649 1176 702 αυτὸς
1198 652 1402 709 ακριβῶς
1410 653 1457 695 ἐκ
1483 666 1566 695 των
1592 646 1762 704 αὖτόθι,

311 716 370 766 ὥς
399 714 489 770 ἅμα
518 718 576 774 τῷ
601 718 785 774 φανῆναι
809 719 1062 768 εἰσδέξονται
1089 715 1238 774 ἧμᾶς.”
1301 718 1483 761 Τοιαῦτα
1508 718 1588 770 μὲν
1617 733 1639 760 ο
1670 718 1763 766 νέος

317 781 514 836 βασιλεὺς
541 758 758 825 ἐπέστελλε
780 785 840 841 τῶ
862 782 1016 841 πάππω
1028 818 1042 838 ,
1082 785 1164 826 τῶν
1198 782 1455 825 πιστοτάτων
1481 783 1653 825 οἰκετῶν
1677 798 1816 829 τινιιο

275 863 385 895 Βτου
418 848 601 903 μεγάλου
640 848 886 902 ὃομεοτίκου
923 848 1188 906 χρησάμενος
1232 848 1496 905 ὃιακομιστῇ.
1545 839 1676 898 αυτὸς
1713 848 1760 890 δὲ

314 929 423 970 αρας
433 914 477 964 ἐξ
495 910 743 971 Ὀδρυσῶν”
722 931 812 967 αμα
833 914 1195 970 πεντακισμυρίοις
1214 907 1446 969 ἷππεῢσινῆ
1471 911 1614 968 ὄλίγσυ
1639 914 1762 955 δέου-

312 995 406 1032 σιν,
435 978 492 1029 ὥς
517 979 698 1030 εἰκάζετο
710 1013 723 1033 ,
770 976 840 1036 (οὗ
861 979 938 1036 γὰρ
970 982 1064 1035 ἐξῆν
1083 981 1266 1037 ἀκριβῶς
1289 977 1364 1022 τὸν
1384 977 1571 1036 ἀριθμὸν
1591 979 1761 1032 εἰδέναι,

313 1041 382 1088 οἶα
406 1042 456 1100 δὴ
482 1045 646 1087 πολλῶν
661 1044 735 1087 καί
753 1047 838 1087 τῶν
860 1043 919 1101 μὴ
946 1044 1051 1102 πρὸς
1071 1043 1270 1102 στρατιάν
1295 1045 1555 1099 τεταγμένων
1577 1059 1761 1101 συστρα-

311 1111 545 1163 τευομένων
566 1108 675 1167 Δπρὸς
699 1109 826 1166 χάριν
849 1112 907 1170 τῷ
932 1113 1130 1167 stamma)
1161 1106 1226 1169 ᾔει
1245 1109 1320 1166 τήν
1338 1111 1383 1160 ἐς
1403 1111 1652 1164 Βυζάντιον,
1679 1113 1815 1158 rav-15

307 1174 410 1225 κνάς
431 1174 504 1217 καί
525 1183 715 1230 συνεχεῖς
735 1175 811 1226 τάς
837 1176 1161 1233 οτρατοπεδεάκς
1175 1174 1428 1257 ποιούμενος
1446 1172 1516 1220 οἷα
1542 1173 1594 1231 δὴ
1613 1176 1760 1223 νοσῶν.

267 1251 294 1284 C
421 1245 499 1300 κβ’.
570 1240 636 1288 Ἔν
673 1260 832 1296 τουτοις
869 1247 916 1289 δὲ
957 1242 1197 1303 ἀφικνεῖται
1231 1245 1362 1326 πρὸς
1373 1242 1500 1288 αὐτὸν
1534 1245 1609 1289 και
1640 1242 1759 1300 παρὰ

191 1318 231 1353 V.
249 1321 294 1354 56
308 1309 655 1367 Σφεντισθλάβου
684 1312 763 1354 τοῦ
788 1312 956 1355 Μυσῶν
981 1313 1208 1366 βασιλέως,
1262 1308 1308 1362 ὃς
1334 1306 1385 1368 ἦν
1417 1327 1528 1369 αυτῳ
1558 1308 1760 1366 κηδεστης

306 1378 379 1419 ἐπι
407 1374 606 1436 Θεοδώρα
635 1378 684 1434 τῇ
710 1374 883 1434 ἀδελφῇ,
908 1379 1082 1434 πρέσβις
1100 1380 1335 1433 Μαρτῖνος,
1362 1375 1624 1458 τριακοσίους
1645 1391 1760 1430 αγων

305 1439 459 1491 ἱππέας
487 1440 811 1499 καταφράκτους
843 1441 1047 1497 ΠΙυσους,
1105 1443 1322 1500 πρόφασιν
1343 1445 1423 1497 μὲν
1446 1443 1504 1492 ὥς
1531 1440 1814 1496 συμμαχὴ-ιο

304 1523 455 1556 σοντας
475 1508 590 1566 αὐτῷ
609 1510 852 1565 ἐπικουρίας
876 1510 1054 1567 δεομένῳ
1075 1507 1149 1552 ὃιιὶ
1173 1508 1248 1552 τὸν
1267 1507 1450 1563 πόλεμον
1470 1507 1544 1551 τὸν
1567 1506 1673 1564 πρὸς
1690 1505 1759 1549 τὸν

303 1571 497 1615 πάππον·
526 1573 822 1629 ἐπηγγέλλοντό
849 1590 907 1628 τε,
936 1574 994 1623 ὥς
1015 1574 1056 1617 εἰ
1077 1575 1213 1617 δέοιτο
1240 1575 1315 1617 καί
1328 1576 1516 1624 πλείονος
1538 1575 1758 1630 στρατιᾶς,

398 1659 429 1691 3.
455 1657 637 1702 Interpres
662 1657 752 1702 legit
774 1656 1053 1701 ἐπιβαλόντων,
1089 1668 1310 1704 quamquam
1342 1658 1399 1691 nil
1430 1656 1659 1700 mutandum3
1699 1657 1758 1690 in-

397 1703 516 1748 telligi
551 1705 649 1737 enim
680 1709 805 1749 potest
835 1703 881 1737 de
915 1705 982 1743 iis,
1017 1705 1081 1749 qui
1113 1705 1211 1738 intra
1245 1704 1375 1738 urbem
1404 1703 1496 1749 quid
1529 1704 1755 1738 molirentur.

394 1749 478 1783 ΕΟ.
494 1750 534 1783 Ρ.
622 1762 671 1783 12.
703 1750 812 1783 Forte
836 1749 1028 1795 legendum
1051 1750 1390 1796 πεντακισχιλίοις.
1413 1750 1494 1786 ΕΒ
1521 1749 1560 1785 Ρ.
1678 1747 1758 1784 ‹m-

395 1805 453 1840 γῳ
482 1795 672 1840 legebatur
692 1801 809 1833 antea.

284 1873 513 1919 *praeficere3
551 1874 738 1907 attributis
764 1874 896 1920 cuique
920 1879 977 1908 tot
1004 1874 1235 1909 mercenariis
1258 1873 1438 1908 militibus
1458 1873 1555 1908 bene
1581 1873 1749 1916 armatis,

302 1925 392 1966 quot
422 1919 467 1953 ad
494 1919 758 1953 retundendam
789 1922 1005 1954 irruentium
1035 1922 1107 1954 vim
1135 1922 1377 1967 requirentur.
1434 1919 1547 1955 Modo
1573 1921 1753 1966 ingressui

301 1971 426 1999 nostro
451 1966 574 2000 obstet
590 1966 754 2013 aliquid,
778 1969 952 2001 continuo
975 1968 1194 2009 exercitum,
1231 1972 1274 2000 ut
1292 1967 1337 2000 ab
1358 1966 1449 2001 urbe
1472 1966 1752 2012 inexpugnabili

300 2012 487 2046 revocabo.
537 2013 665 2054 Itaque
690 2024 775 2058 rogo
801 2019 859 2055 te,
892 2025 938 2047 ne
962 2013 1072 2046 verba
1089 2025 1188 2055 mea,
1225 2013 1327 2047 velut
1352 2013 1415 2048 abs
1433 2018 1470 2047 te
1490 2013 1604 2047 alieni
1623 2023 1751 2058 suspe-

299 2064 422 2100 ctans,
446 2060 486 2092 in
508 2060 624 2092 tutela
650 2059 854 2105 apparanda
882 2060 1026 2105 segnior
1055 2060 1114 2093 sis.
1175 2059 1267 2093 Nam
1299 2071 1372 2106 quo
1400 2059 1520 2094 animo
1549 2059 1643 2093 cives
1665 2061 1749 2094 tuos

299 2116 377 2138 esse
410 2105 541 2146 audio,
577 2107 797 2151 simulatque
830 2117 895 2140 nos
930 2106 1043 2139 oculis
1074 2107 1301 2150 usurparint,
1337 2106 1445 2150 plane
1478 2106 1747 2140 intromissuros

297 2151 416 2185 credo.
475 2130 572 2184 Habe
611 2163 724 2197 nepos
748 2164 834 2193 avo,
872 2151 1055 2199 quendam
1076 2152 1120 2186 de
1139 2153 1283 2186 famulis
1309 2155 1428 2198 magni
1448 2152 1638 2186 domestici
1656 2151 1750 2186 fide-

296 2198 472 2231 lissimum
498 2197 675 2232 adhibens
702 2198 946 2232 tabellarium.
1002 2198 1145 2232 Dehinc
1178 2211 1222 2232 ex
1251 2199 1399 2243 Odrysis
1430 2198 1626 2240 excedens,
1666 2210 1749 2232 cum

299 2245 566 2290 quinquaginta
587 2246 752 2290 equitum
772 2245 954 2286 millibus,
982 2246 1046 2278 aut
1066 2246 1256 2300 aliquanto
1277 2245 1533 2290 paucioribus,
1567 2249 1611 2279 ut
1630 2246 1749 2278 conii-

298 2302 379 2324 cere
396 2291 542 2332 licebat,
565 2291 647 2336 (nec
666 2292 762 2324 enim
783 2291 829 2325 ad
851 2302 1008 2336 unguem
1028 2292 1115 2325 iniri
1135 2304 1304 2326 numerus
1330 2298 1485 2337 poterat,
1543 2290 1616 2325 uod
1639 2292 1747 2326 multi

298 2349 373 2370 non
391 2338 604 2382 conscripti,
637 2338 846 2382 imperatori
870 2338 1134 2383 gratificantes,
1171 2350 1244 2372 una
1270 2304 1748 2384 militabant‚)ql3yzantium

299 2385 422 2418 castris
444 2395 550 2430 quam
571 2384 822 2427 creberrimis,
846 2396 887 2418 ac
904 2384 935 2417 si
956 2385 1050 2418 male
1069 2385 1227 2426 valeret,
1260 2385 1455 2430 procedere
1476 2385 1650 2430 porrexit.
1704 2414 1707 2415 γ

391 2459 447 2482 22.
472 2447 571 2480 Inter
590 2446 679 2481 haec
701 2459 721 2481 a
742 2446 1044 2492 Sphentisthlabo
1066 2432 1275 2481 Moesorum
1298 2459 1380 2493 rege
1405 2447 1513 2482 affine
1532 2457 1595 2480 suo
1614 2445 1746 2492 (prop-

294 2497 352 2526 ter
389 2493 619 2528 Theodoram
655 2505 815 2528 sororem
848 2505 928 2527 cum
964 2505 1006 2527 eo
1038 2494 1203 2549 nuptam)
1238 2494 1376 2548 legatus
1409 2495 1511 2528 veuit
1539 2492 1741 2534 Martinus,

296 2550 376 2572 cum
398 2539 532 2574 Moesis
555 2541 741 2585 equitibus
760 2539 996 2584 cataphractis
1017 2541 1208 2582 trecentis,
1247 2540 1287 2574 in
1309 2541 1467 2585 speciem
1491 2539 1661 2593 quidem,
1696 2544 1740 2573 ut

295 2586 471 2619 auxilium
496 2586 663 2620 adversus
689 2598 818 2627 avum,
854 2587 884 2619 si
909 2587 1111 2632 indigeret,
1147 2587 1308 2620 laturus.
1347 2592 1384 2620 et
1410 2585 1667 2631 promittebat,
1706 2586 1739 2619 si

295 2632 495 2667 maioribus
512 2633 625 2688 mpii?
647 2645 736 2678 opus
755 2632 927 2674 haberet,
951 2644 1069 2679 regem
1088 2633 1246 2668 libenter
1268 2633 1479 2667 missurum·
1515 2631 1579 2665 scd
1599 2642 1736 2672 revera,

296 2684 336 2712 ut
353 2679 383 2713 si
407 2690 491 2713 eum
512 2681 693 2726 paucitate
710 2680 936 2715 laborantem
962 2680 1165 2722 inveniret,
1204 2679 1348 2715 iniectis
1365 2678 1532 2716 manibus
1551 2677 1596 2712 ad
1615 2689 1736 2723 regem
