1852 3146
366 79 473 135 258
883 90 1246 134 CANTAcUzENJ
1839 57 1852 155 ’ξ

177 200 262 239 Δ.(Ξ.
277 202 358 248 1327
370 196 528 250 ἐγένετο
557 193 789 248 καταφανὲς
819 189 915 244 ἐμοὶ
934 191 978 231 ἐκ
1002 193 1082 232 τῶν
1103 186 1339 231 ἑαλωκότων
1359 187 1631 244 γραμμάτων,
1657 185 1687 230 ἃ
1703 174 1773 230 κάί
1842 186 1852 227 ’ἐ

157 252 159 255 ’
361 256 466 312 μετὰ
489 259 571 298 τῶν
590 255 691 312 πρὸς
714 257 788 307 ἐμὲ
811 252 1017 296 ἐλθόντων
1039 254 1265 309 ἄρχιερέων
1289 250 1454 305 ἔπεμψά
1476 267 1556 294 σοι·
1579 252 1650 294 καὶ
1669 256 1770 294 πολ-

327 320 413 368 Βλοὶ
434 319 622 370 πολλάκις
634 321 736 373 ἐμοῦ
759 320 984 373 δεηθέντος,
1006 314 1054 359 οὗ
1070 319 1298 372 προσεδέξω
1315 316 1389 372 τήν
1411 315 1587 372 εἰρήνην,
1611 317 1684 359 καί
1697 317 1771 378 νῦν

360 384 549 433 ἐλθόντος
576 385 778 426 ἐνταυθοῖ
789 385 861 424 καί
883 382 1110 435 ἁπτομένου
1139 397 1214 422 σου
1241 382 1324 422 τῶν
1345 379 1526 435 γονάτων
1553 379 1624 422 καὶ
1641 381 1771 423 πάντα

359 447 607 504 πράττοντος
643 443 746 489 ὥστε
785 445 859 501 τήν
896 444 1060 501 εἰρήνην
1087 441 1215 498 εἶναι,
1260 445 1379 487 οὐδὲν
1413 445 1570 498 μᾶλλον
1606 442 1798 501 ὖφῆκαςὸ
1846 447 1849 450 ’

358 514 432 566 τῆς
460 507 593 567 ὄργῆς,
623 507 712 554 ἀλλ’
739 506 943 567 ἄπρακτον
968 509 1213 563 ἀπεπέμψω,
1241 504 1376 564 ὥσπερ
1405 525 1444 551 τι
1469 511 1612 558 σκεῦος
1639 503 1772 564 ἄχρη-

359 590 456 618 στον
483 571 733 631 ἀπορρίψας·
761 570 931 630 ἦλπικας
955 575 981 615 δ
987 578 998 592 '
1026 574 1096 615 ἐπὶ
1121 571 1197 628 τήν
1225 573 1442 628 δεδεμένην
1468 571 1693 629 πάρδαλιν,
1720 570 1773 627 ἢν

359 639 507 688 ἔλυσας
533 642 621 681 κατ’
647 639 766 692 ἐμοῦ.
810 638 901 681 ἶδού
931 637 1007 693 τήν
1033 639 1109 692 μὲν
1136 637 1298 693 εἰρήνην
1325 635 1396 678 καὶ
1427 634 1525 686 τούς
1561 637 1618 678 δι’
1638 635 1773 691 αὐτὴν

358 705 644 759 γεγενημένους
689 700 836 760 ὅρκους
873 704 1139 758 παραδίδωμι
1176 703 1284 759 θεῷ,
1339 698 1386 743 ὃν
1435 699 1562 751 αὔτὸς
1603 696 1774 756 εὖορκῶ·

359 768 492 811 πάντα
531 770 576 810 δὲ
613 770 669 825 τῷ
706 767 836 810 πάντα
877 769 1044 817 δικαίως
1079 768 1255 824 κρίνοντι
1292 765 1463 815 οἷναθείς
1486 764 1536 808 τὰ
1564 765 1654 809 κατ’
1681 767 1822 829 {ustam

359 830 590 887 ἀναγκαίως
615 829 693 888 ἤδη
716 831 819 889 πρὸς
846 830 914 875 τὸν
941 832 1117 885 πόλεμον
1140 833 1281 887 χωρῶ.
1307 834 1489 874 πέποιθα
1517 832 1564 873 δὲ
1593 828 1662 884 ὥς,
1690 829 1773 872 ὀλί-

361 913 435 952 γου
473 895 748 954 παρελθόντος
783 896 957 953 χρόνου,
1004 898 1102 938 οὐδ’
1130 895 1255 946 αὐτὸς
1292 892 1504 952 ἀγνοήσεις
1539 893 1613 951 τήν
1646 891 1773 950 οἶβον-

361 961 454 1003 λίαν
489 961 565 1017 τὴν
604 961 718 1015 νυνί,
756 961 844 1003 ἀλλ’
881 964 926 1004 ἐκ
953 964 1033 1003 τῶν
1060 959 1310 1018 πραγμάτων
1338 962 1476 1003 αὐτῶν
1500 959 1669 1018 μαθήσῃ
1696 973 1772 1001 σα-

363 1027 475 1082 φῶς,
518 1027 574 1076 ὥς
610 1021 668 1068 ὧν
704 1028 780 1080 μὲν
818 1027 1074 1080 ἀποσχέσθαι
1101 1025 1210 1080 ἔδει,
1251 1029 1385 1069 ταῦτα
1411 1024 1626 1083 προείλου,
1668 1021 1698 1066 ἃ
1726 1025 1773 1066 δὲ

332 1089 530 1145 (Σὲκρινας
556 1096 801 1144 καταλιπεῖν,
827 1090 978 1133 τούτων
996 1087 1047 1147 ἧν
1073 1094 1229 1146 βέλτιον
1252 1090 1423 1146 ἔχεσθαι
1448 1089 1576 1134 παντὶ
1597 1092 1826 1136 σθένει.”ι5

359 1156 531 1196 τοιαῦτα
572 1155 768 1208 βασιλεὺς
795 1154 818 1196 ὅ
845 1157 934 1204 νέος
962 1154 1114 1210 εἰπών,
1141 1155 1325 1210 καταβάς
1349 1158 1422 1198 ’τοῦ
1448 1157 1600 1208 ἵππου,
1642 1170 1772 1212 προσ-

360 1216 496 1259 εκύνει
535 1218 606 1260 καί
631 1215 787 1261 οἷπόντα
816 1218 889 1261 τὸν
915 1218 1080 1263 πάππον
1119 1219 1190 1262 καὶ
1214 1222 1399 1274 βασιλέα.
1443 1219 1516 1262 καί
1540 1217 1562 1261 ὅ
1590 1220 1775 1276 Μαρού-

360 1284 433 1335 λης
474 1283 519 1323 δὲ
547 1281 699 1335 ὅμοίως
736 1280 871 1339 ὥσπερ
908 1285 979 1326 καί
1013 1285 1208 1341 πρότερον
1245 1282 1326 1326 οἷπὸ
1365 1286 1439 1327 τοῦ
1477 1283 1641 1339 τείχους
1680 1285 1774 1342 σιγῇ

360 1343 435 1400 τὴν
464 1348 738 1401 προσκύνησιν
765 1354 936 1404 παρεῖχε
963 1351 1020 1406 τῷ
1047 1351 1122 1405 νέῳ
1148 1353 1320 1403 βασιλεῑὶ
1364 1347 1454 1392 εἶτα
1481 1352 1554 1406 καί
1578 1349 1678 1401 τούς
1702 1346 1775 1392 ἅλ-

360 1412 458 1457 λους
483 1410 577 1458 τούς
605 1407 682 1452 ἀπὸ
708 1414 781 1453 τοῦ
807 1413 969 1466 τείχους
1005 1412 1289 1467 ἀσπασάμενος
1316 1414 1337 1457 ὅ
1362 1415 1579 1468 βασιλεὺς,
1619 1415 1829 1469 ἄνεχοό-αο

362 1489 485 1529 ρησεν
526 1476 705 1528 ἐκεῖθεν,
750 1475 821 1518 καὶ
845 1472 971 1532 ἦλθεν
1007 1480 1066 1527 εἰς
1101 1478 1349 1534 Σηλυβρίαν.
1391 1478 1463 1521 καί
1487 1479 1695 1534 διοικήσας
1719 1479 1773 1522 τοὶ

365 1539 454 1581 ἐκεῖ
472 1533 498 1594 ᾗ
525 1535 634 1595 αὐτῷ
661 1540 792 1581 ἐδόκει
818 1536 969 1597 ἄριστα
996 1541 1120 1596 ἔχειν,
1147 1542 1219 1585 καὶ
1243 1538 1423 1598 ἄρχοντα
1449 1542 1670 1598 ἐπιστήσας
1694 1546 1776 1599 Ση-

364 1605 622 1656 λυβριανοῖς,
651 1601 780 1658 ἦλθεν
806 1607 863 1654 εἷς
888 1605 1211 1661 Διδυμὰτειχον,
1239 1606 1472 1650 καταλιπών
1499 1609 1550 1650 ἐν
1569 1609 1777 1666 Σηλυβρίᾳ

361 1668 725 1721 παρακοιμώμενον
752 1667 820 1710 τὸν
843 1665 1120 1724 Ἀπόκαυχον,
1148 1669 1204 1721 ὥς
1231 1668 1282 1714 ἂν
1306 1670 1350 1713 εἴ
1366 1688 1408 1714 τι
1435 1668 1665 1728 ἀσφαλείας
1690 1673 1777 1715 ἐνέ-

456 1744 506 1776 ι6.
530 1745 596 1776 τοῦ
620 1745 739 1778 ἵππου
765 1750 858 1779 recte
872 1747 944 1779 ED.
961 1747 996 1784 P.
1010 1758 1073 1791 pro
1093 1739 1161 1780 τᾶν
1182 1748 1311 1778 ἵππον.

364 1818 440 1840 sum
466 1818 502 1839 se
527 1810 719 1845 meditatus
747 1812 990 1854 insidioeeque
1014 1811 1177 1850 molitus,
1200 1815 1242 1844 ut
1264 1814 1390 1856 pateat
1414 1821 1458 1844 ex
1480 1812 1687 1858 interceptis
1711 1816 1778 1849 lit-

364 1854 468 1893 teris,
494 1863 580 1897 quas
614 1864 676 1896 per
703 1858 885 1898 episcopos
924 1860 1139 1889 revertentes
1166 1856 1222 1889 illi
1243 1857 1396 1894 miserit.
1420 1857 1556 1891 bellum
1578 1861 1775 1904 renovarit3

366 1904 404 1931 et
430 1909 508 1931 cum
532 1909 635 1943 saepe
664 1901 887 1946 multumque
912 1911 1056 1945 rogans,
1093 1902 1147 1935 uti
1170 1913 1292 1947 pacem
1327 1903 1525 1947 acciperet,
1561 1915 1634 1937 non
1657 1907 1774 1951 impe-

366 1946 487 1984 trarit,
511 1949 546 1976 et
567 1955 662 1977 nunc
688 1956 765 1978 cum
791 1945 861 1978 huc
883 1947 1039 1987 veniens,
1061 1958 1173 1991 genua
1196 1950 1271 1982 eius
1297 1949 1476 1992 amplexus
1503 1949 1623 1991 sitset
1644 1956 1685 1984 ut
1705 1962 1775 1995 pax

348 1990 643 2022 ‚constitueretur
676 1990 769 2023 nihil
801 2003 875 2024 non
900 1994 1069 2032 tentarit,
1103 1994 1181 2037 ipse
1214 2000 1331 2027 tamen
1364 2005 1401 2027 se
1425 1995 1585 2029 nondum
1609 1996 1774 2041 fregerit3

369 2034 431 2066 sed
456 2036 662 2078 supplicem,
675 2046 712 2068 re
737 2036 881 2077 infecta,
905 2037 1082 2071 dimiserit
1107 2045 1143 2072 et
1163 2046 1344 2086 tamquam
1356 2051 1416 2073 vas
1438 2041 1568 2074 inutile
1591 2041 1774 2084 abiecerit,

370 2091 537 2125 spemque
563 2092 658 2113 suam
681 2081 719 2113 in
741 2082 879 2125 pardali
904 2084 1089 2117 collocarit
1104 2109 1114 2125 ,
1143 2097 1248 2131 quam
1275 2087 1424 2119 solutam
1451 2091 1572 2120 contra
1593 2097 1629 2120 se
1654 2088 1775 2121 immi-

370 2126 476 2167 serit3
500 2125 580 2158 ideo
605 2137 726 2169 pacem
753 2131 788 2159 et
808 2128 901 2161 dicta
926 2135 1070 2173 propter
1092 2131 1190 2164 illam
1214 2137 1431 2165 sacramenta
1454 2132 1531 2166 Deo
1555 2143 1591 2165 se
1615 2134 1776 2167 commit-

374 2174 471 2210 tere,
496 2182 558 2215 per
582 2183 687 2216 quem
712 2173 827 2205 iurata
855 2175 1019 2218 religiose
1046 2175 1161 2209 adhue
1189 2182 1314 2218 servet,
1339 2183 1375 2210 et
1401 2188 1522 2211 omnes
1548 2189 1602 2211 res
1628 2189 1707 2212 suas
1735 2181 1775 2213 in

372 2215 503 2247 iustum
535 2218 691 2249 omnium
723 2217 877 2253 iudicem
917 2220 1066 2263 referre3
1105 2223 1247 2268 iamque
1287 2224 1496 2256 necessitate
1534 2224 1775 2265 constrictum,

371 2259 469 2293 bello
495 2273 633 2294 manum
658 2264 848 2307 implicare.
896 2266 1082 2299 Confidere
1101 2279 1157 2308 se,
1180 2269 1294 2312 ipsum
1310 2280 1454 2314 quoque
1472 2270 1658 2303 amentiam
1678 2281 1775 2303 suam

372 2305 472 2339 brevi
489 2309 707 2351 cogniturum
726 2314 762 2341 et
779 2320 822 2343 ex
848 2313 981 2344 eventis
1009 2319 1284 2358 perspecturum,
1307 2326 1347 2348 ea
1370 2315 1528 2358 elegisse,
1553 2326 1642 2360 quae
1662 2316 1775 2350 vitare

374 2351 535 2393 inprimis
549 2378 557 2392 ,
584 2364 623 2385 ea
649 2355 853 2398 reliquisse,
879 2368 967 2401 quae
987 2363 1063 2391 toto
1082 2365 1225 2403 pectore
1248 2360 1435 2405 complecti
1455 2360 1647 2394 debuisset.
1678 2361 1775 2394 Haec

378 2396 483 2437 fatus,
510 2397 553 2431 de
574 2409 664 2443 equo
686 2399 869 2435 descendit
886 2407 922 2435 et
939 2405 1095 2447 quamvis
1117 2405 1300 2439 absentem
1323 2417 1424 2439 avum
1443 2407 1514 2439 ritu
1531 2411 1698 2440 consueto
1710 2419 1774 2441 ve-

378 2448 520 2476 neratus
540 2449 614 2476 est:
639 2455 678 2477 ac
705 2445 858 2479 Marules
875 2448 1024 2491 perinde
1044 2456 1084 2484 ut
1098 2452 1214 2494 prius,
1248 2462 1326 2484 cum
1352 2451 1494 2484 silentio
1521 2452 1566 2485 de
1586 2452 1773 2486 moenibus

378 2493 483 2531 caput
509 2489 541 2522 ei
561 2490 742 2523 summisit.
790 2492 878 2525 Aliis
897 2493 1027 2526 deinde
1046 2496 1085 2529 in
1105 2508 1204 2529 muro
1232 2497 1406 2530 stantibus
1433 2496 1612 2539 salutatis,
1638 2497 1773 2532 disces-

375 2532 443 2576 sit3
470 2535 686 2579 veniensque
716 2535 929 2580 Selybriam,
959 2550 1032 2571 rem
1064 2542 1241 2585 publicam
1267 2554 1331 2576 suo
1360 2541 1494 2576 iudicio
1523 2544 1706 2585 formavit,
1737 2549 1775 2580 et

373 2579 551 2620 praefecto
579 2580 713 2614 ibidem
743 2582 941 2623 declarato,
980 2585 1267 2629 Didymotichum
1301 2589 1409 2628 abiit,
1438 2589 1563 2622 relicto
1593 2587 1774 2633 Selybria&

373 2621 583 2667 Apocaucho
602 2636 726 2672 magno
743 2627 979 2672 cubiculario,
1002 2637 1043 2665 ut
1059 2634 1089 2666 si
1116 2632 1202 2679 quid
1217 2644 1304 2679 opus
1329 2638 1421 2670 esset
1440 2635 1639 2670 securitatis
1668 2643 1773 2669 causa
