1832 3132
306 125 412 198 294
824 119 1191 177 CANTACUZEM

115 248 295 292 A„C,1328
308 242 468 295 ζάντιον
503 236 576 278 καί
608 235 717 277 πάνυ
757 232 963 288 βούλομαι
999 237 1076 276 τοῦ·
1103 235 1218 291 κοινῇ
1245 233 1554 284 λυσιτελοῦντος
1590 235 1729 285 ἕνεκα,

301 305 448 348 τούτου
469 305 514 344 δὲ
540 300 616 344 τοῦ
637 297 861 355 αἷτήματος
883 297 1072 351 ἀπόντος,
1098 301 1171 341 καί
1195 298 1278 353 εἴγε
1306 298 1378 340 καί
1401 299 1501 352 ὑμῖν
1527 300 1731 359 συνδοκεῖ,

298 370 377 416 τότ’
403 364 483 423 ἤδη
504 365 578 408 καὶ
602 364 700 421 περὶ
727 367 809 406 τῶν
827 363 1047 406 ἐπιλοίπων
1069 361 1187 418 ὑμῶν
1206 362 1433 416 ἀκούσομαι
1453 362 1732 420 αι’τημάτων.”

305 434 467 476 Τούτων
497 432 573 484 μὲν
616 424 690 471 οὖν
729 427 749 471 ὃ
775 430 904 483 μέγας
933 427 1023 469 τότε
1051 429 1286 480 δομέστικος
1312 428 1582 483 ἀνεμίμνησκε
1609 431 1733 483 βασι-

298 500 386 551 λέα,
414 495 486 538 καὶ
511 497 618 550 ἕτερ’
647 491 754 536 ἄττα
781 493 883 549 πρὸς
912 490 1041 535 αὕτὸν
1070 491 1318 546 διαλεχθεὶς,
1345 495 1522 548 προσῆγε
1540 491 1638 554 τούς
1659 486 1757 540 εἴν-5
1811 532 1818 540 ,

301 565 429 619 δρας.
456 560 494 603 οἷ
522 562 568 603 δὲ
594 561 666 601 καί
691 557 795 615 πρὸς
820 560 995 611 βασιλέα
1024 559 1316 611 διειλέχθησαν
1337 555 1387 598 τὰ
1416 555 1488 599 ἴσα
1508 555 1583 600 καὶ
1603 551 1632 612 ἦ
1651 556 1734 612 μὴν

302 625 607 682 διῖσχυρίζοντο
637 620 761 665 αύτοί
786 621 1042 678 δυνήσεσθαι
1070 621 1145 677 τὴν
1172 619 1288 663 πόλιν
1314 618 1586 677 παραδώσειν.
1614 623 1734 664 ἐπαι-

267 694 432 740 Βνέσας
461 692 507 732 δὲ
535 686 686 738 αὐτούς
715 687 737 730 ὅ
761 685 957 742 βασιλεύς
983 689 1054 728 καί
1082 685 1126 728 εἴ
1145 703 1185 728 τι
1211 685 1474 728 ἐπυνθάνετο·
1493 687 1667 729 αἰτοῖεν·
1695 686 1735 729 οἶ

301 758 342 797 δ’
370 757 581 797 ἐπείθοντο
613 754 738 795 αἰτεῖν
768 751 909 804 οὐδὲν,
935 751 1065 794 πολλοὶ
1096 753 1141 793 δὲ
1167 748 1366 799 πολλάκις
1392 748 1506 807 παρὰ
1531 751 1734 805 βασιλέως
1820 803 1823 805 -

302 821 616 873 ἐκβιασθέντες,
645 813 848 873 ᾐτήσαντο
874 818 948 871 γῆς
975 814 1103 859 εἴκοσι
1130 818 1314 871 πλέθρα.
1353 813 1530 868 γελάσας
1559 815 1611 856 δὲ·
1633 811 1785 869 πρὸςιο

301 882 377 939 τὴν
395 881 559 938 αἴτησιν
582 881 606 923 ὅ
629 881 840 935 βασιλεύς,
870 881 991 934 „sime
1017 879 1124 935 ἐγώ”
1153 876 1239 921 εἷπε
1266 880 1397 933 ,,θεοῦ
1425 877 1620 931 διδόντος,
1647 874 1736 934 ἆξί-
1825 897 1832 982 ρ

302 964 354 990 αν
379 947 481 1000 ὑμῖν
507 944 710 991 ἀποδώσω
735 947 809 1000 τῆς
838 942 1159 1000 εὐγνωμοσύνης
1185 943 1262 999 τὴν
1289 943 1579 999 εὖεργεσίανέ·
1598 941 1662 985 ἔτι
1689 943 1736 984 δὲ

304 1012 438 1059 αὐτῶν
475 1010 574 1066 περὶ
598 1011 679 1052 τῶν
705 1009 897 1052 τοιούτων
935 1011 1258 1063 διαλεγομένων,
1304 1010 1349 1051 ἐκ
1376 1009 1581 1050 Σκοπέλου
1618 1006 1732 1062 παρὰ

302 1078 380 1120 τοῦ
407 1072 604 1131 ἄρχοντος
641 1070 806 1129 ἄγγελος
830 1068 904 1130 ἧκε
939 1074 1132 1130 μηνύων,
1168 1074 1224 1123 ὥς
1261 1073 1285 1115 ὅ
1310 1074 1392 1116 τῶν
1421 1073 1589 1116 Μυσῶν
1614 1075 1736 1126 βασι-

302 1140 397 1190 λεύς
423 1137 605 1193 Μιχαὴλ
631 1139 675 1180 ἐν
706 1138 918 1194 μεθορίοις
956 1140 1028 1193 τῆς
1064 1135 1194 1180 αὐτοῦ
1230 1137 1303 1183 καί
1335 1138 1553 1190 Ῥωμαίων
1579 1136 1784 1192 ἧγεμο-ι·5
1826 1136 1829 1161 3

305 1207 396 1252 νιάς
423 1201 578 1255 ἐλθών,
624 1201 740 1259 παρὰ
770 1201 886 1245 πόλιν
913 1199 1026 1259 αύτῷ
1064 1202 1240 1258 ὑπήκοον
1267 1201 1506 1255 Διάμπολιν
1532 1217 1733 1257 προσαγο-

302 1269 525 1323 ρευομένην
552 1268 910 1322 ἐστρατοπέδευσε,
938 1269 1009 1309 καί
1034 1266 1278 1321 συμμαχίαν
1300 1263 1547 1320 ἑπαγόμενος
1564 1267 1610 1307 ἐκ
1627 1268 1734 1307 Σκυ-

301 1334 406 1384 θῶν,
435 1332 479 1375 οἳ
498 1330 612 1387 παρὰ
629 1331 1045 1391 Ῥωσοκάστρῳιείσίν
1073 1332 1499 1387 ἐστρατοπεδευμένοι.
1528 1324 1586 1372 ὧν
1611 1326 1733 1371 ἀκού-

303 1413 380 1446 σας
403 1396 423 1439 ὃ
450 1394 655 1449 βασιλεὺς,
678 1396 918 1450 ἐβουλεύετο
936 1393 1024 1449 ἅμα
1047 1398 1103 1454 τῷ
1121 1398 1283 1455 μεγάλῳ
1305 1396 1530 1453 δομεστίκῳ
1545 1391 1577 1448 ὅ,
1591 1410 1633 1437 τι
1649 1396 1736 1437 δέοι

303 1467 455 1513 ποιεῖν,
483 1459 555 1502 καὶ
577 1458 709 1501 ἐδόκει
727 1454 880 1515 χρῆναι
900 1461 1036 1502 ἐλθεῖν
1056 1460 1168 1517 παρὰ
1198 1459 1273 1515 τὴν
1284 1460 1449 1514 Λόγους
1470 1456 1785 1514 οὖσανόρει-αο

193 1530 302 1572 13181
314 1525 397 1579 νήν·
413 1522 501 1578 ἅμα
520 1526 597 1577 μὲν
615 1527 687 1566 καί
713 1524 782 1566 διὰ
804 1523 847 1566 τὸ
868 1525 986 1579 ἐγγὺς
1013 1521 1118 1566 εἶναι
1136 1524 1392 1577 Βυζαντίου,
1421 1520 1531 1573 ὅπως
1562 1523 1615 1566 τὰ
1632 1522 1732 1579 πρὸς

303 1588 376 1644 τὴν
395 1588 636 1644 παράληψιν
662 1587 890 1644 πράττηται
918 1589 1071 1641 αὐτοῖς,
1110 1587 1201 1641 ’ἅμα
1237 1591 1284 1630 δὲ
1310 1588 1381 1630 καὶ
1403 1587 1474 1630 διοὶ
1506 1588 1554 1630 τὸ
1580 1588 1638 1644 μὴ
1659 1585 1731 1629 κύ-

304 1658 453 1701 κλωσιν
481 1654 679 1706 παρέχειν
708 1652 754 1694 τὸ
783 1652 938 1708 χωρίον
966 1653 1246 1708 δυσπρόσοδον
1267 1648 1338 1706 ὃν,
1380 1650 1487 1696 ὥστε
1514 1651 1626 1707 ἔχειν
1636 1686 1649 1706 ,
1678 1647 1731 1708 ἄν

399 1753 448 1784 13.
469 1751 565 1784 Haec
577 1751 642 1785 Sco
669 1752 747 1786 elus
760 1751 934 1784 Thraciae
952 1752 1037 1785 urbs
1061 1757 1124 1784 est.
1150 1753 1229 1785 ED.
1239 1754 1278 1786 P.
1355 1754 1404 1787 18.
1429 1753 1608 1797 Gregorae
1623 1751 1730 1786 Ῥου-

394 1798 604 1840 σόκαστρον
654 1798 772 1831 icitur.
801 1798 879 1830 ED.
891 1798 929 1830 P.
1069 1809 1123 1831 20.
1148 1798 1190 1830 In
1208 1798 1280 1830 MS.
1301 1796 1346 1829 ad
1369 1808 1399 1830 v.
1424 1798 1575 1842 Λόγους
1595 1798 1732 1832 adscri-

393 1848 496 1887 ptum
519 1847 605 1882 erat,
633 1842 825 1887 Φρούριόν
848 1854 885 1875 τι
902 1833 1005 1885 παρὰ
1029 1840 1068 1878 τὸ
1084 1843 1203 1887 στόμα
1222 1843 1480 1881 τοῦΕῠξείνου
1501 1844 1674 1883 ῙΙόντου,
1693 1844 1732 1878 id

393 1893 466 1928 est,
484 1887 676 1922 Castellum
693 1887 874 1934 quoddam
897 1887 949 1921 ad
965 1888 1095 1925 ostium
1115 1889 1224 1923 Ponti
1237 1889 1384 1922 Euxini
1405 1889 1521 1922 situm.
1540 1888 1622 1924 ΕΖ).
1641 1891 1686 1925 Ρ.

305 1971 362 2000 tra
383 1977 449 1999 nos
476 1970 677 2010 peccantur.
742 1966 894 2000 Proinde
923 1967 1134 2009 Byzantium
1163 1965 1235 2000 sibi
1265 1977 1330 2011 pro
1362 1968 1539 2002 communi
1568 1968 1730 2002 utilitate

306 2012 507 2044 subiectum
523 2022 736 2056 percupere3
760 2011 828 2045 hac
851 2016 969 2045 autem
997 2014 1176 2057 petitione
1202 2017 1369 2058 excepta,
1393 2014 1424 2047 si
1451 2025 1521 2059 qua
1540 2013 1614 2047 alia
1642 2015 1729 2059 ipsis

305 2057 462 2103 petenda
477 2056 702 2098 viderentur,
729 2057 944 2091 auditurum.
992 2058 1069 2091 Hoc
1096 2059 1153 2091 illi
1173 2070 1318 2104 magnus
1345 2059 1561 2092 domesticus
1583 2060 1623 2094 in
1652 2070 1731 2093 me-

306 2104 455 2137 moriam
476 2103 686 2136 revocabat:
711 2108 749 2136 et
765 2104 866 2147 plura
889 2115 967 2136 cum
993 2115 1035 2137 eo
1061 2104 1260 2146 disserens,
1285 2106 1380 2139 viros
1399 2105 1643 2149 producebat,
1665 2106 1730 2151 qui

246 2150 248 2152 ’
308 2147 430 2180 eadem
460 2148 554 2192 apud
587 2150 836 2192 imperatorem
861 2149 1118 2194 loquebantur,
1157 2154 1415 2191 asseverantes,
1452 2162 1490 2184 se
1521 2152 1579 2184 illi
1602 2151 1729 2184 urbem

306 2193 446 2227 tradere
464 2205 578 2238 posse.
633 2194 774 2238 Quibus
808 2195 1031 2235 collaudatis,
1053 2198 1245 2242 quaesivi&
1270 2207 1356 2228 num
1377 2192 1465 2241 quid
1492 2197 1537 2230 ab
1569 2208 1607 2230 se
1625 2202 1729 2241 pete-

307 2244 397 2272 rent.
445 2240 474 2271 Ii
495 2238 589 2272 nihil
615 2246 738 2283 petere
763 2242 1040 2274 constituerant:
1080 2242 1144 2275 sed
1169 2253 1249 2275 cum
1271 2243 1463 2286 imperator
1484 2243 1634 2276 instaret
1651 2253 1729 2275 sae-

306 2286 399 2329 pius,
426 2286 554 2329 viginti
578 2286 698 2328 iugera
715 2288 928 2329 petiverunt.
977 2287 1071 2319 Tum
1090 2287 1209 2320 ridens
1233 2287 1310 2327 ille,
1333 2287 1379 2321 At
1407 2299 1493 2331 ego,
1514 2288 1646 2333 inquit,
1668 2287 1726 2320 di-

307 2331 391 2363 vino
419 2342 586 2363 concessu
614 2331 786 2374 probitati
811 2338 949 2366 vestrae
980 2332 1088 2376 digna
1115 2334 1271 2377 praemia
1293 2333 1500 2376 persolvam.
1547 2332 1669 2366 Medio
1688 2335 1727 2370 in

309 2387 469 2408 sermone
495 2375 635 2409 advolat
659 2376 807 2420 Scopelo
835 2389 855 2410 a
886 2378 1068 2421 praefecto
1090 2379 1260 2419 nuntius,
1291 2377 1506 2412 Michaelem
1525 2379 1728 2412 Moesorum

310 2432 426 2465 regem
455 2422 493 2453 in
523 2422 595 2454 suis
629 2427 664 2454 et
698 2423 932 2456 Romanorum
962 2424 1126 2456 confiniis
1154 2424 1250 2468 apud
1293 2423 1418 2456 urbem
1448 2435 1545 2458 suam
1582 2425 1728 2457 nomine

313 2467 520 2510 Diampoliu
541 2472 654 2500 castra
680 2467 813 2501 locasse
829 2494 837 2508 ‚
879 2468 1088 2511 Scytharum
1114 2470 1320 2504 comitatum
1345 2470 1508 2509 auxiliis,
1543 2471 1606 2515 qui
1628 2471 1729 2503 iuxta

311 2512 583 2545 Rhosocastrum
606 2514 759 2546 tentoria
780 2513 966 2546 haberent.
1015 2516 1210 2557 Imperator
1237 2514 1325 2560 quid
1349 2515 1551 2548 faciendum
1567 2540 1576 2556 ,
1610 2517 1727 2559 magni

312 2557 498 2593 domestici
526 2558 712 2591 consilium
744 2560 918 2603 exquirit:
953 2559 997 2593 ad
1022 2561 1205 2593 castellum
1226 2561 1339 2604 Logos
1361 2561 1399 2592 in
1419 2562 1597 2594 montanis
1618 2562 1727 2594 situm

311 2603 607 2648 progrediendum
631 2603 850 2644 decernunt,
874 2611 950 2637 tum
968 2605 1064 2650 quod
1085 2607 1253 2649 Byzantio
1271 2606 1511 2651 propinquum
1529 2612 1565 2641 et
1585 2607 1629 2639 ad
1649 2607 1724 2640 eius

313 2650 581 2693 occupationem
598 2650 787 2693 parandam
809 2657 1049 2694 opportunum
1063 2676 1072 2691 ‚
1104 2657 1180 2684 tum
1202 2650 1299 2697 quod
1319 2652 1417 2684 locus
1431 2663 1572 2685 accessu
1591 2652 1724 2689 diffici-

315 2693 359 2732 lis
380 2693 541 2734 hostibus
560 2695 725 2740 cingendi
749 2696 950 2733 facultatem
975 2698 1145 2748 eriperet:
1172 2703 1211 2732 ut
1232 2701 1267 2731 et
1286 2696 1536 2737 invadentibus
1560 2699 1723 2737 resistere
