1832 3138
293 97 399 153 166
831 109 1203 153 CANTAcUzENJ
1244 166 1246 168 v
1274 114 1287 148 ·.

94 224 174 259 AC.
196 225 281 259 ¹322
293 216 338 259 ἐκ
363 212 573 270 Βεῤῥοίας
603 205 631 267 ἢ
659 208 733 252 και
755 210 1011 289 πορρωτέρω
1043 228 1164 269 αχρι
1174 215 1413 270 Σηλυβρίας
1438 208 1572 274 αυτῆς
1599 223 1731 256 κατα-

286 296 415 334 σχων,
448 277 747 354 παρεχώρησεν
769 273 880 334 αὖτῷ
903 279 987 320 τῶν
1009 272 1160 332 αλλων,
1187 274 1398 334 ἠγάπησεν
1419 273 1486 321 α’ν·
1524 279 1598 320 καὶ
1612 273 1729 320 atis-6

286 346 334 387 δὲ
357 341 461 392 ὅλως
484 340 531 384 τὸ
562 342 885 397 παραδέξασθαι
908 341 985 398 την
1010 342 1198 399 εἰρήνην,
1241 339 1289 385 οὗ
1313 345 1364 401 τῇ
1385 359 1458 386 του
1490 342 1731 401 πράγματος

286 406 437 466 φύσει,
464 404 571 449 ἀλλὰ
601 413 688 456 τοῖς
717 403 894 461 ἀγαθοῖς
924 407 1097 464 τρόποις
1127 409 1204 449 τοῦ
1229 409 1434 461 βασιλέως
1466 411 1540 451 καί
1557 407 1727 464 ἑγγόνου

283 472 484 529 θαρῥῶν,
532 469 840 528 διεπρεσβεύετο
876 470 978 528 πρὸς
1010 472 1150 515 αὐτόν·
1193 468 1406 528 ἀγαπητὸν
1425 473 1654 529 ἡγούμενος
1677 468 1754 515 ἂνό

284 535 396 587 ὅπως
430 539 530 579 ποτὲ
558 539 749 593 πεισθείη
779 537 908 591 μόνον
948 536 1021 580 τὸν
1055 537 1238 590 πόλεμον
1267 541 1540 581 καταθέσθαι.
1587 537 1729 581 ἔπειτα

288 603 335 645 δὲ
356 602 508 659 ἡδονῆς
530 598 583 657 ἦν
603 601 676 644 καί
697 601 912 657 θυμηδίας
934 601 1086 656 μεστὸς
1110 599 1236 652 αὐτός
1260 618 1306 644 τε
1331 605 1405 645 καί
1425 601 1465 646 οἶ
1493 605 1727 660 προσέχον-

250 679 358 718 (ῑτες
383 664 501 725 αὖτῷ
518 669 598 709 τῶν
631 668 870 724 ἐπιφανῶν,
907 667 983 710 καί
1014 667 1054 711 οἱ
1089 662 1208 710 ἄλλοι
1228 663 1606 726 ’.Ρωμαῖοιὲορτῆν
1627 665 1729 726 ἦγον

283 731 360 789 τὴν
381 733 660 789 χαριεστάτην
679 734 838 775 πασῶν.

393 797 472 841 λδ’.
526 799 601 848 Εἰς
631 796 760 852 τάχος
791 814 837 840 τε
872 800 1035 841 ἐκέλευε
1073 797 1257 855 τριήρεις
1291 798 1370 841 δυό
1397 800 1598 856 πληροῦν·
1637 799 1783 843 §netto

287 865 335 905 δὲ
354 864 659 918 ἐπεπλήρωντο,
689 861 768 905 συν
795 863 916 917 τάχει
944 863 1017 905 καί
1035 862 1257 922 προθυμίᾳ
1281 865 1410 922 πολλῇ
1432 862 1508 920 τὴν
1526 863 1727 919 βασιλίδα

285 926 419 984 ,Ξένην
440 926 517 983 τὴν
541 927 808 983 Ἄνδρονύεου
829 929 994 984 μητέρα
1013 929 1090 969 τοῦ
1115 930 1211 971 νέου
1228 932 1382 982 πέμπει
1402 928 1506 985 πρὸς
1524 926 1598 972 τὸν
1618 925 1728 972 υἱόν·

286 991 378 1047 ἅμα
409 993 488 1046 μὲν
518 994 591 1047 τῆς
622 993 681 1041 εἷς
719 991 846 1035 αὐτὸν
878 989 1188 1048 καλοκοῖγαθιῖκς
1219 996 1292 1037 καί
1322 995 1396 1050 τῆς
1413 994 1542 1050 -τιμῆς
1565 992 1640 1036 καί
1657 989 1730 1042 εὖὴ

238 1068 271 1103 D
284 1061 475 1106 πειθείας
492 1057 727 1114 πρεπούσας
748 1055 1048 1100 οἷποδώσουσαν
1067 1058 1353 1116 εὐχαριστίας,
1388 1056 1478 1113 ἅμα
1496 1060 1544 1101 δὲ
1561 1060 1636 1102 καί
1653 1057 1729 1114 τὴν

284 1127 550 1179 κυρωθεῖσαν
569 1123 738 1178 εἰρήνην
762 1122 988 1179 ἐγγράφοις
1005 1125 1322 1178 βεβαιώσουσαν
1336 1121 1485 1181 ὅρκοις.
1515 1125 1781 1171 ε’λθοῧσανιΕ

283 1191 331 1231 δὲ
356 1191 416 1237 εἰς
439 1186 486 1230 τὸ
510 1186 610 1244 περὶ
626 1189 866 1264 Σηλυβρίαν
896 1188 1120 1243 Ἐπιβάτας
1146 1191 1553 1247 προσαγορευόμενον
1575 1187 1732 1245 χωρίον

282 1253 346 1296 ε’τι
371 1251 467 1295 τότε
500 1250 737 1307 ατείχιστον
768 1270 828 1307 ον,
856 1253 1055 1308 βασιλευς
1084 1254 1105 1297 ὃ
1137 1253 1231 1305 υἱὸς
1257 1256 1387 1311 αυτης
1417 1253 1556 1298 ἐλθών
1581 1269 1733 1311 προσε-

283 1318 433 1374 κύνησέ
452 1334 497 1360 τε
522 1318 628 1371 ὁμοῦ
647 1335 720 1374 την
739 1321 916 1374 μητέρα·
953 1336 1022 1361 και
1049 1318 1291 1376 ἑθρήνησαν
1325 1322 1395 1378 εφ’
1412 1319 1574 1374 ἱκανὸν,
1612 1316 1733 1375 ἦμὲν

282 1382 358 1438 τὴν
376 1382 575 1460 χηρείαν,
612 1381 633 1425 ὃ
657 1385 703 1425 δὲ
720 1400 798 1439 την
822 1380 1026 1440 ορφανίαν
1053 1384 1306 1441 ὀδυρόμενος
1327 1386 1405 1427 τοῦ
1420 1384 1588 1442 πατρός·
1613 1378 1731 1426 οὔπω

281 1447 362 1505 γὰρ
396 1444 498 1504 ἄχρι
523 1446 618 1490 τότε
649 1447 758 1503 μετὰ
787 1447 862 1504 τὴν
883 1451 1092 1503 βασιλέως
1114 1449 1307 1529 τελευτην
1333 1453 1395 1502 εἷς
1423 1453 1469 1494 ἓν
1486 1448 1684 1505 βασιλευς
1703 1466 1785 1494 020

283 1516 374 1563 νέος
400 1516 453 1569 τῇ
477 1531 604 1570 μητρι
642 1514 716 1556 και
744 1514 934 1569 βασιλίδι
972 1517 1211 1570 συνῆλθεν·
1244 1514 1388 1558 ε’πειτα
1417 1513 1443 1571 ἦ
1475 1516 1642 1570 βασιλις
1672 1515 1730 1572 τῷ

282 1582 456 1633 βασιλεῖ’
482 1577 555 1620 καῖ
581 1577 661 1637 υἱῷ
682 1579 756 1628 τάς
792 1595 838 1621 τε
871 1582 946 1622 τοῦ
979 1580 1185 1633 βασιλέως
1213 1582 1288 1623 καί
1324 1578 1496 1622 πάππου
1531 1580 1732 1635 α’παγγεί-

284 1647 396 1685 λασα
430 1659 475 1684 ευ
479 1644 725 1698 χαριστιας,
767 1661 838 1686 και
873 1645 979 1700 ἕτερ’
1010 1661 1115 1686 αττα
1148 1643 1391 1700 ὅμιλήσασα
1423 1641 1500 1688 ὅσα
1533 1661 1586 1701 ην
1620 1644 1732 1701 αυτῇ

285 1711 545 1766 βουλομένη,
582 1708 634 1751 τὰ
659 1708 940 1763 ὄμωμοσμένα
968 1708 1085 1767 παρὰ
1110 1712 1318 1765 βασιλέως
1346 1726 1421 1753 του
1449 1725 1547 1753 υιου
1581 1707 1731 1767 ἐγγρά-

383 1798 410 1821 1.
437 1787 512 1824 Scr.
535 1779 650 1824 αὗτός
674 1798 719 1821 ex
742 1788 854 1832 Intpr.

288 1854 336 1890 ob
351 1854 404 1887 rei
425 1854 713 1899 magnitudinem
735 1867 810 1888 non
841 1856 971 1900 potuit.
1020 1854 1103 1889 Non
1136 1855 1234 1889 enim
1267 1841 1438 1900 nepotem
1464 1860 1583 1889 totum
1612 1854 1731 1899 impe-

287 1902 381 1937 rium
405 1901 476 1933 sibi
502 1912 684 1934 cessurum
709 1901 946 1945 opinabatur3
985 1901 1049 1934 sed
1072 1901 1103 1935 si
1129 1902 1188 1935 vel
1214 1914 1234 1935 a
1250 1901 1428 1935 Berrhoea
1461 1906 1523 1934 aut
1546 1902 1640 1935 ultra
1666 1913 1731 1935 us·-

288 1958 358 1992 que
378 1947 579 1990 Selybriam
605 1948 682 1991 ipse
710 1948 885 1981 retineret
908 1948 1051 1988 omnia,
1081 1953 1200 1981 cetera
1223 1947 1295 1981 sibi
1318 1948 1559 2002 relinqueret,
1578 1952 1732 1988 conten-

286 1998 346 2026 tus
359 1998 452 2026 erat.
501 1994 547 2026 Et
570 2005 655 2026 sane
675 1993 744 2027 hoc
765 1993 908 2038 ipsum,
934 1993 1031 2040 quod
1061 1993 1107 2026 de
1135 2004 1222 2039 pace
1253 1994 1474 2039 legationem
1501 1993 1622 2035 misit,
1655 2005 1730 2027 non

288 2039 329 2072 id
344 2039 451 2080 fecit,
478 2040 577 2093 quod
598 2040 757 2073 bonitati
777 2051 861 2073 suae
881 2051 1028 2080 causae,
1051 2040 1115 2074 sed
1137 2039 1235 2085 quod
1262 2040 1437 2084 probitati
1470 2039 1614 2085 nepotis
1641 2051 1730 2073 con-

288 2085 437 2118 fideret:
471 2086 556 2118 satis
581 2085 792 2127 habiturus,
827 2087 857 2119 si
886 2088 1032 2131 quoquo
1079 2086 1208 2127 modo,
1249 2091 1290 2119 ut
1314 2085 1413 2119 bello
1435 2091 1619 2130 parceret,
1646 2097 1730 2119 eum

289 2131 546 2164 commovisset.
595 2132 738 2165 Deinde
763 2133 840 2178 ipse
859 2144 938 2165 cum
957 2132 1167 2177 proceribus
1185 2137 1222 2165 et
1245 2132 1327 2166 aliis
1353 2134 1520 2166 Romanis
1549 2132 1729 2166 exsultare

286 2178 431 2210 laetitia
450 2177 621 2223 diemque
639 2179 770 2210 festum
791 2190 893 2223 agere
919 2179 1079 2212 omnium
1104 2177 1415 2215 iucundissimum.

387 2223 440 2266 34.
490 2224 598 2258 Porro
627 2226 748 2257 senior
772 2225 967 2269 imperator
991 2226 1271 2279 quamprimum
1285 2226 1448 2258 triremes
1475 2224 1581 2258 binas
1607 2225 1729 2258 ornari

292 2270 542 2314 praecipien3‚
567 2281 694 2315 magna
722 2282 800 2303 cum
824 2271 979 2304 libentia
1004 2271 1268 2315 imperatricem
1292 2271 1453 2312 Xenam,
1477 2270 1631 2304 iunioris
1657 2271 1731 2304 An·

292 2315 434 2349 dronici
460 2322 630 2357 matrem,
655 2317 700 2349 ad
731 2317 846 2349 filium
871 2318 1015 2350 mittere
1047 2322 1229 2361 properat3
1268 2317 1424 2361 primum
1453 2322 1495 2350 ut
1527 2317 1562 2349 ei
1589 2316 1634 2349 de
1655 2316 1730 2350 ista

292 2362 500 2406 integritate
526 2362 645 2407 deque
682 2362 821 2396 honore
848 2368 885 2396 et
917 2369 1082 2408 prompta
1107 2362 1318 2396 obedientia
1351 2363 1423 2396 sibi
1453 2362 1628 2396 exhibitis
1663 2362 1730 2396 de·
1786 2360 1788 2363 ’

291 2408 386 2441 bitas
411 2408 537 2452 gratias
556 2414 654 2453 agat;
679 2408 824 2450 deinde,
849 2415 890 2441 ut
906 2420 1029 2453 pacem
1048 2410 1117 2442 iam
1132 2415 1241 2443 ratam
1262 2410 1396 2464 scripto
1414 2409 1615 2442 iuramento
1641 2420 1729 2443 con-

293 2454 547 2490 stabiliendam
575 2459 687 2489 curet.
734 2456 956 2499 Progressam
985 2456 1030 2488 ad
1059 2455 1254 2499 oppidum,
1282 2457 1341 2488 cui
1366 2455 1541 2499 Epibatae
1567 2455 1728 2489 vocabu-

292 2501 367 2534 lum
392 2507 467 2541 est,
490 2513 565 2534 non
585 2501 690 2545 longe
717 2512 737 2534 a
765 2501 928 2544 Selybria
958 2501 1145 2542 dissitum,
1180 2501 1350 2547 quodque
1374 2507 1450 2534 tum
1474 2502 1586 2534 muris
1610 2500 1730 2534 adhuc

293 2546 453 2587 carebat,
476 2548 572 2580 filius
597 2558 798 2588 occurrens,
826 2549 1029 2592 proclinato
1051 2558 1199 2592 corpore
1219 2554 1410 2581 veneratus
1430 2552 1504 2580 est:
1531 2547 1731 2581 fluxerunt-

293 2604 365 2638 que
389 2593 565 2626 ambobus
593 2592 656 2626 diu
673 2593 858 2632 lacrimae,
883 2595 946 2626 illa
967 2594 1207 2634 viduitatem,
1231 2593 1301 2626 hoc
1320 2594 1513 2627 orbitatem
1535 2605 1635 2626 suam
1661 2594 1729 2627 ‹le-

292 2639 490 2673 flentibus·
517 2650 600 2672 nam
626 2639 671 2672 ab
706 2639 809 2672 obitu
828 2639 1019 2672 Michaelis
1048 2618 1274 2684 imperat’oris
1295 2639 1456 2673 nondum
1478 2644 1730 2674 convenerant.

293 2686 490 2731 Postquam
513 2686 633 2720 verbis
652 2686 710 2719 avi
730 2686 806 2720 filio
826 2687 955 2731 gratias
974 2687 1065 2732 egit,
1090 2691 1127 2720 et
1145 2685 1217 2720 alia
1237 2696 1331 2732 quae
1350 2685 1463 2720 libuit
1487 2696 1569 2721 cum
1588 2697 1632 2721 eo
1653 2687 1730 2726 col->
