1820 3164
585 117 963 161 ms'romARUM
996 119 1049 160 11.
1078 121 1147 164 ιιο.
1491 94 1524 151 5
1531 94 1600 151 55

153 221 211 279 ιτὸ
237 218 504 280 ἓνΘαβωριῇο
536 219 635 272 τούς
659 218 855 276 μαθητὰς
881 217 1154 277 περιλάμψαν
1180 218 1273 275 φῶς
1291 213 1428 260 ἀΐδιον
1443 215 1516 260 καὶ
1533 218 1700 259 nes-mc.
1715 218 1798 264 134¹

159 287 364 335 nlmsvaeot
378 285 452 329 ’καί
468 283 577 330 εἶναι
595 285 796 341 ὁμολογῶ.
807 285 900 328 Ἐπὶ
908 285 1070 336 τούτοις
1089 286 1162 328 καί
1171 285 1212 327 Γ
1209 283 1402 341 ρηγόριος
1420 281 1442 326 ὁ
1460 287 1615 326 Παλα·

158 354 250 410 μᾶς
263 353 338 397 καὶ
353 348 444 396 ὅσοι
463 349 540 395 σύν
556 347 672 410 αύτῷ
682 347 792 407 ἦσαν
809 347 1074 401 ἀναστάντες,
1099 348 1369 407 περιέβαλλόν
1383 365 1427 392 τε
1439 353 1614 406 Βαρλα-

159 418 222 475 ἂμ.
246 419 321 462 ’καὶ
331 414 576 474 συγγνώμην
588 418 660 460 ἐπὶ
674 421 763 465 τοῖς
779 419 995 474 προτέροις
1014 411 1187 470 ἄσμενοι
1197 421 1411 472 παρεῖχον·
1437 413 1614 472 ἐπῄνουν

131 484 206 530 ὅτε
234 484 311 542 τῆς
340 485 469 540 καλῆς
502 483 736 539 μεταβολῆς
763 482 838 526 καί
860 483 917 540 τῷ
944 485 1031 540 θεῷ
1058 483 1131 539 τῆς
1159 480 1355 537 ὁμονοίας
1382 481 1615 537 ὡμολόγουν

156 548 363 608 χάριτας,
390 549 642 607 φάσκοντες,
682 549 775 591 οὐδ’
805 544 929 591 αύτοί
953 550 1109 604 γηΐνων
1140 549 1259 591 ἕνεκα
1285 549 1358 590 καί
1385 549 1616 604 φθειρομέ-

159 627 244 660 νων
271 614 532 675 πραγμάτων
565 616 764 658 τοσοῦτον
791 613 1079 670 ἐνστήσασθαι
1113 614 1282 669 ἀγῶνα,
1311 610 1402 655 ἀλλ’
1434 614 1509 668 Ιἵνα
1535 612 1612 669 μή,

159 684 223 734 εἰς
247 683 415 733 πλείους
453 681 777 737 διανεμηθέντος
803 682 884 723 τοῦ
918 683 1075 735 κακοῦ,
1118 678 1148 736 ἢ
1180 681 1501 737 διεφθαρμένων
1540 681 1613 721 δο-

159 746 335 805 γμάτων
374 745 594 798 οἷνᾶπλεως
616 749 782 803 γένηται
816 745 842 803 ἦ
881 745 1104 802 ἐκκλησία,
1131 741 1161 802 ἢ
1199 744 1478 803 διαστασιάσῃ
1508 742 1648 801 πρὸςῦ

113 809 340 871 ιοὲαυτὴν,
380 814 466 857 τῶν
499 813 580 868 μὲν
613 812 802 865 τούτοις,
840 814 926 855 τῶν
949 813 996 854 δὲ
1032 810 1203 861 ἐκείνοις
1243 811 1610 868 προστιθεμένων,

159 881 235 925 καὶ
256 877 330 923 διὰ
357 880 482 922 τοῦτο
515 876 591 921 καί
610 880 683 922 τοῦ
709 876 884 934 μετρίου
904 879 1011 934 πέρα
1030 877 1220 935 ὀφθῆναι
1240 877 1526 934 φιλονείκους,
1544 871 1615 918 ὅτε

161 943 215 1004 δὴ
239 946 286 990 ἓν
317 946 398 1000 μὲν
423 950 511 996 τοῖς
554 939 696 996 ἄλλοις
721 940 854 987 ἅπασι
880 943 1041 1002 πρᾴους
1059 941 1168 987 εἶναι
1191 944 1510 998 δεδιδαγμένους
1543 944 1616 986 καί

159 1011 393 1064 ταπεινούς·
424 1014 470 1056 ἐν
499 1008 563 1063 οἷς
587 1012 634 1054 δὲ
657 1010 758 1061 θεός
782 1011 874 1053 ἐστι
901 1008 949 1053 τὸ
976 1006 1338 1064 κινδυνευόμενον,
1367 1007 1475 1060 ὀξεῖς
1502 1004 1609 1051 εἶναι
1618 1019 1744 1067 v.269

159 1077 236 1122 ’καί
254 1077 566 1136 ἀπαραιτήτους
576 1112 589 1132 ,
619 1075 694 1120 καὶ
717 1075 826 1132 μήτε
853 1074 956 1133 πρὸς
990 1075 1067 1132 τήν
1110 1073 1283 1126 ἀδοξίαν
1312 1075 1616 1131 δυσχεραίνειν,

112 1142 266 1201 ιδμήτε
299 1142 408 1202 πρὸς
436 1141 512 1187 τὸν
540 1141 655 1201 παρὰ
692 1144 774 1185 τῶν
813 1141 1052 1200 ἀνθρώπων
1094 1140 1265 1184 ἔπαινον
1291 1142 1617 1195 μαλακίζεσθαι.

159 1209 254 1254 ἐπεὶ
282 1211 329 1254 δὲ
364 1207 387 1252 ὁ
411 1211 486 1266 τῆς
514 1210 678 1267 εἰρήνης
716 1210 789 1251 καί
825 1211 898 1265 τῆς
946 1207 1141 1262 ὁμονοίας
1168 1206 1270 1257 θεὸς
1301 1208 1360 1257 εἷς
1385 1209 1430 1250 ἓν
1451 1207 1616 1262 συνῆψε
1647 1243 1650 1245 .

158 1274 214 1320 τοὶ
243 1277 470 1331 διεστῶτα,
497 1272 627 1319 αύτοί
657 1291 703 1319 τε
724 1276 957 1333 προθύμως
997 1271 1303 1330 ἀποστήσονται
1336 1271 1615 1331 φιλονεικίας,

158 1341 234 1390 καὶ
258 1343 376 1402 αύτῷ
413 1341 571 1400 πολλήν
611 1342 828 1399 εἶδήσουσι
869 1340 948 1398 τήν
979 1340 1127 1397 χάριν,
1167 1339 1352 1395 μάλιστα
1381 1337 1613 1398 αἴτιωτάτῳ

157 1409 234 1466 τῆς
261 1407 427 1466 εἰρήνης
451 1407 550 1453 νυνί
586 1411 854 1468 γεγενημένῳ.
905 1407 999 1451 'Em'
1031 1405 1197 1456 τούτοις
1237 1406 1312 1449 καί
1341 1403 1541 1461 βασιλεύς
1567 1420 1615 1446 τε

105 1475 235 1518 noxae*
261 1473 530 1533 πατριάρχης
560 1471 639 1518 ὅσα
671 1473 757 1518 ἔδει
805 1475 1095 1530 διαλεχθέντες
1130 1473 1231 1528 περὶ
1249 1473 1418 1528 εἰρήνης
1445 1469 1549 1528 πρὸς
1571 1467 1658 1512 ἐ-Ι)

160 1542 385 1598 κατέρους,
415 1541 658 1583 διελύσαντο
698 1539 776 1600 τήν
797 1540 982 1583 σύνοδον.
1038 1537 1256 1595 Βαρλαάμ
1287 1540 1334 1580 δὲ
1364 1535 1502 1594 ὀλίγας
1521 1539 1614 1578 Bo·-

161 1605 315 1665 ζαντίῳ
338 1605 616 1664 ένδιατρίψας
651 1606 836 1663 ἡμέρας,
881 1607 974 1649 ἐπεὶ
998 1609 1070 1648 καί
1099 1604 1123 1646 ὁ
1151 1603 1351 1659 βασιλεὺς
1374 1602 1613 1656 ἐτελεύτησε

160 1670 270 1727 μετὰ
311 1670 465 1728 μικρὸν
473 1705 487 1726 ,
509 1670 589 1715 -καὶ
612 1669 689 1721 τοὶς
707 1673 806 1728 περί
835 1671 888 1714 τὰ
922 1673 1111 1727 δόγματα
1138 1667 1471 1725 ἀμφισβητήσεις
1488 1663 1613 1709 οῦδὲν

159 1732 282 1797 ἦττον
318 1737 521 1794 ἐχόμενος
553 1733 584 1795 ἢ
627 1736 850 1796 πρότερον,
894 1739 966 1794 τῆς
1022 1736 1139 1793 δίκης
1184 1734 1242 1786 ιὸς
1274 1734 1615 1792 ἐκδεδιῃτημένης

161 1860 210 1896 ab
237 1861 291 1896 eis
313 1859 509 1900 dissidere,
551 1863 588 1894 et
618 1859 717 1906 quod
740 1859 779 1893 in
806 1858 955 1894 Thabor
979 1860 1104 1893 lumen
1128 1857 1327 1904 discipulos
1351 1855 1610 1897 circumfulsit,

162 1908 316 1956 gloriam
340 1907 433 1950 Dei,
457 1908 635 1954 principii
661 1913 847 1952 expertem
873 1912 910 1940 et
933 1912 1121 1940 aeternum
1148 1917 1226 1940 esse
1251 1906 1375 1938 lumen
1398 1902 1548 1938 credere
1571 1914 1611 1937 se

160 1960 272 2002 atque
298 1955 479 1990 confiteri.
529 1954 616 1989 Mox
653 1954 848 1999 Gregorius
879 1954 1036 1988 Palamas
1069 1964 1149 1986 cum
1192 1957 1300 1987 coetu
1328 1963 1392 1985 suo
1426 1955 1613 1995 surgentes

159 2003 462 2049 Barlaamumque
497 2002 698 2047 complexi,
738 2002 882 2034 veniam
914 2001 1124 2046 praeteritis
1158 1998 1320 2033 libenter
1359 1997 1541 2032 dederunt
1575 2002 1613 2031 et

160 2049 385 2096 praeclaram
408 2050 516 2083 istam
536 2048 776 2082 mutationem
796 2046 1073 2092 praedicarunt,
1098 2047 1251 2092 Deoque
1274 2046 1372 2091 pacis
1398 2050 1434 2079 et
1458 2054 1611 2080 concor-

162 2095 248 2130 diae
274 2097 408 2142 gratias
434 2101 610 2142 egerunt,
638 2095 875 2140 profitentes,
906 2106 974 2128 nec
998 2105 1036 2128 se
1061 2100 1287 2128 terrenarum
1311 2103 1354 2126 ae
1377 2091 1611 2138 pereuntium

162 2153 284 2181 rerum
308 2144 423 2190 gratia
446 2149 521 2178 tam
544 2143 674 2176 acriter
698 2142 895 2187 pugnasse:
927 2141 991 2175 sed
1015 2152 1073 2181 ne,
1098 2140 1138 2174 in
1162 2141 1284 2184 plures
1310 2140 1405 2173 malo
1430 2149 1611 2184 propaga-

163 2195 226 2232 to,
249 2195 314 2224 aut
338 2201 588 2236 perversorum
613 2189 821 2234 dogmatum
857 2189 1011 2222 ecclesia
1038 2188 1262 2232 repleretur,
1297 2192 1361 2220 aut
1390 2185 1611 2219 factionibus

163 2242 204 2271 et
227 2235 387 2271 dissidiis
405 2238 445 2272 in
469 2248 506 2270 se
527 2238 608 2282 ipsa
633 2235 882 2277 divideretur,
908 2235 994 2269 dum
1020 2235 1082 2268 alii
1108 2233 1187 2275 his,
1213 2234 1278 2267 alii
1302 2234 1377 2267 illis
1403 2231 1609 2266 adhaerent.

161 2284 217 2320 Ac
243 2290 437 2330 propterea
462 2283 657 2317 immodice
680 2282 857 2327 litigiosos
885 2293 922 2315 se
948 2282 1170 2327 apparuisse,
1194 2282 1258 2328 qui
1281 2281 1320 2314 in
1340 2279 1422 2313 aliis
1443 2278 1612 2312 omnibus

166 2330 215 2367 ad
237 2330 555 2365 mansuetudinem
580 2335 618 2364 et
641 2330 753 2363 animi
785 2328 1065 2363 submissionem
1091 2326 1225 2362 eruditi
1260 2328 1357 2362 sint:
1395 2326 1460 2359 ubi
1491 2330 1613 2359 autem

164 2377 265 2412 Deus
301 2377 341 2411 in
371 2377 576 2423 periculum
600 2381 774 2417 vocatur,
810 2376 864 2409 ibi
891 2382 1077 2422 promptos
1102 2386 1179 2408 esse
1208 2380 1246 2408 et
1270 2373 1534 2408 inexorabiles:
1575 2377 1612 2408 et

165 2434 288 2470 neque
312 2423 358 2459 ad
383 2424 619 2470 opprobrium
646 2434 872 2468 aegrescere,
900 2434 1020 2469 neque
1046 2422 1092 2456 ad
1115 2421 1262 2455 laudem
1276 2421 1474 2454 humanam
1499 2419 1613 2454 emol-

163 2470 312 2505 lescere.
350 2470 534 2519 Quoniam
556 2482 640 2505 vero
667 2471 765 2516 pacis
794 2475 831 2503 ct
855 2470 1072 2504 concordiae
1097 2469 1195 2502 Deus
1222 2468 1396 2502 distantia
1420 2466 1612 2512 copularit,

167 2522 206 2552 et
228 2529 268 2552 se
318 2523 459 2564 rompte
485 2529 505 2552 a
533 2518 768 2552 contentione
804 2517 978 2551 desistere
1015 2523 1053 2551 et
1083 2516 1140 2550 illi
1176 2516 1306 2561 gratias
1353 2513 1511 2554 habere,
1546 2514 1611 2559 qui

163 2565 264 2611 pacis
325 2566 406 2599 uius
447 2570 572 2599 auctor
607 2565 783 2610 imprimis
819 2565 941 2598 fuerit.
991 2563 1221 2598 Postmodum
1254 2564 1450 2606 imperator
1486 2565 1524 2594 et
1546 2571 1613 2604 pa-

164 2610 325 2646 triarcha
348 2617 523 2658 utrosque
546 2611 591 2645 de
616 2623 726 2656 pace,
749 2616 791 2644 ut
817 2611 1031 2656 oportebat,
1068 2610 1230 2649 allocuti,
1259 2609 1436 2652 synodum
1461 2607 1613 2641 dimise-

165 2661 262 2694 runt.
314 2659 519 2693 Barlaamus
543 2658 643 2692 haud
667 2659 811 2704 longum
836 2665 977 2704 tempus
1000 2658 1163 2703 Byzantii
1187 2661 1346 2690 moratus
1361 2681 1370 2696 ,
1396 2656 1613 2700 imperatore

163 2703 267 2744 brevi
292 2703 486 2749 defuncto,
526 2716 643 2757 aeque
669 2711 709 2740 ut
732 2706 833 2753 prius
860 2705 906 2742 de
935 2705 1112 2753 dogmatis
1138 2705 1240 2741 litem
1267 2703 1400 2744 movit,
1437 2700 1611 2737 iudicium
