1728 3158
247 118 337 158 xvi
395 165 397 167 ¹
819 115 851 153 1.
900 109 1135 155 ΡΟΝΤΑΝῙ
1664 0 1728 215 Ἴ

1643 239 1711 270 ex
1711 208 1728 257 l

248 227 327 267 Sed
356 229 467 267 iuvat
497 226 618 280 ipsius
657 224 921 264 Cantacuzeni
952 226 1076 264 veiha
1105 226 1285 279 pioferre
1316 228 1374 267 in
1391 226 1626 280 medium,

222 320 225 323 »
248 293 340 333 lilni
361 293 491 346 quarti
512 291 640 344 capite
669 292 860 344 vigesimo
885 299 1056 344 quar‚to
1078 291 1207 343 unde,
1237 293 1455 346 quomodo
1467 307 1511 335 se
1522 294 1728 349 gesserit}

250 359 291 400 in
322 359 488 397 histoiia
519 355 729 395 scribenda
756 357 971 411 Gregoras,
1000 356 1153 410 liquido
1170 360 1453 411 perspiciatur.
1503 359 1692 414 Impera-
1726 371 1728 394 ῑ

247 433 380 463 torem
411 435 511 462 vero
554 419 911 472 Cantacuzenum‚
953 430 1172 476 postquam
1205 424 1341 476 ipsum
1364 436 1444 478 per
1470 423 1691 482 sedepri-
1718 475 1720 478 y

246 501 355 527 mere
395 495 517 541 atque
548 495 744 527 evertere
770 501 853 526 non
880 489 1043 543 potuit,
1075 487 1420 541 Palaeologorum
1457 489 1690 543 imperato-

249 567 339 592 rum
363 552 513 593 bellum
532 561 717 592 mutuum
735 566 816 607 pro
842 561 1081 605 argumento
1103 567 1290 593 sumens.-
1327 561 1370 595 ει
1392 554 1552 610 partim
1571 553 1692 606 igno*-

247 618 387 657 rantia
427 631 565 657 rerum
602 626 839 670 gestarum,
884 619 1043 672 partim
1084 619 1223 671 gratia
1261 627 1462 674 corrupta
1493 620 1690 670 ver-itate,

245 696 293 722 ac
338 684 437 723 totis
468 683 630 724 viribus
665 685 780 722 velat
817 683 862 722 in
891 682 1048 736 sabula
1085 684 1439 724 comminiscenda
1470 684 1691 731 mentiens,

246 747 401 787 deinde
422 747 571 788 ordine
592 749 653 787 ad
676 748 844 798 bellum,
883 747 1001 802 quod
1020 756 1166 789 nostra
1188 749 1392 790 memoria
1415 757 1563 794 contra
1583 748 1690 788 Gan*

246 822 489 853 tacuzenum
515 814 745 853 excitatum
786 822 869 866 est,
918 827 1164 869 progressus
1178 844 1196 863 ,
1243 823 1328 855 tum
1357 814 1452 854 alia*
1474 811 1690 870 complura

245 879 414 918 crimini
443 879 546 926 dat,
585 880 828 926 servitutes,
868 879 1043 927 caedes,
1080 879 1409 928 trucidationes,
1448 878 1693 935 populatio·-

245 957 363 991 nes,¹
389 951 430 984 et
463 957 725 999 quaecunque
755 946 951 985 Romanis
975 958 1054 997 per
1082 943 1133 984 id
1167 945 1320 985 bellum
1353 945 1546 985 luctuosa
1578 943 1690 984 inci-

246 1007 426 1056 derunt,
458 1010 523 1048 illi
542 1008 783 1049 adscribens
802 1026 814 1048 .-
842 1019 929 1049 tum
956 1011 1008 1050 ob
1045 1024 1228 1051 amorem
1266 1001 1518 1052 dominandi
1554 1009 1690 1063 impe-

248 1075 447 1127 rialisquc
476 1073 648 1128 fastigii
686 1075 922 1129 cupidinem
957 1075 1166 1116 maloram
1202 1075 1374 1116 illoram
1406 1075 1565 1116 nullam
1606 1073 1690 1114 du-

244 1140 360 1179 xisse
390 1141 592 1180 rationem
629 1138 827 1192 affirmat.
884 1141 1005 1181 Illud
1023 1149 1157 1181 autem
1189 1140 1521 1182 Cantacuzenum
1547 1140 1688 1196 potis·-

246 1207 394 1244 simam
427 1206 596 1246 vellicat
634 1215 674 1246 et
704 1220 778 1246 cor
800 1207 887 1246 eius
915 1208 1023 1257 urit,
1070 1206 1188 1262 quod
1215 1207 1441 1255 mentitur,
1469 1219 1595 1255 cumr
1615 1204 1692 1245 ad-

247 1271 325 1310 huc
349 1271 510 1310 vivente
531 1271 806 1320 Andronico,
830 1314 832 1317 ,
861 1273 1031 1327 imperii
1052 1273 1231 1313 Romani
1256 1272 1386 1324 longe·
1401 1269 1691 1327 appetentissi-

245 1348 383 1383 mum,
434 1349 526 1376 cum
556 1336 607 1375 id
629 1339 793 1391 assequi
817 1352 901 1378 non
934 1347 1103 1392 posset,
1144 1337 1204 1377 ad
1235 1338 1460 1378 monachos
1482 1338 1528 1377 in
1551 1344 1690 1376 monte

244 1401 380 1448 Atho,
421 1404 495 1456 qai
533 1403 622 1442 viri
657 1405 792 1443 sancti
840 1412 878 1443 et
913 1419 939 1443 a
966 1404 1057 1444 Deo
1092 1403 1254 1456 afflati,
1284 1400 1534 1456 futurorum
1564 1415 1691 1456 prae-

243 1467 474 1506 sensionem
497 1468 647 1507 habere
669 1469 997 1523 indicabantur,
1027 1468 1263 1523 profectum
1285 1481 1371 1507 esse
1385 1497 1401 1516 ,
1432 1466 1486 1506 de
1505 1464 1690 1520 futuris,

245 1540 286 1571 et
316 1547 370 1571 an
395 1532 457 1572 ad
483 1546 526 1572 se
551 1533 779 1574 Romanum
816 1535 1035 1589 imperium
1069 1541 1362 1589 perventurum
1400 1541 1508 1573 esset
1521 1561 1538 1580 ,
1587 1544 1693 1586 per-

245 1606 535 1638 cunctatur-am
572 1607 646 1640 etc.
707 1601 899 1640 Attamen
930 1601 1016 1640 fieri
1051 1608 1208 1654 potest,
1245 1606 1292 1638 ut
1311 1599 1510 1652 Gregoras
1529 1597 1580 1636 de
1599 1610 1688 1635 mo-

244 1663 357 1703 ribus
391 1663 613 1704 Andronici
649 1666 846 1719 quaedam
866 1681 948 1706 non
977 1680 1141 1720 prorsus
1162 1665 1260 1705 falsa
1280 1664 1427 1704 scribat
1443 1693 1455 1714 ‚
1486 1670 1526 1702 et
1545 1676 1592 1702 ea
1610 1675 1686 1701 no-

243 1736 325 1767 ster
352 1737 422 1768 aut
450 1733 551 1769 tanti
578 1745 659 1770 non
695 1733 876 1771 aestimet
917 1734 1081 1785 eiusque
1111 1731 1309 1771 iuventuti
1327 1727 1590 1768 condonanda
1608 1741 1691 1780 pu-

242 1801 325 1832 tet:
368 1802 437 1833 aut
454 1794 675 1835 dissimulet
690 1825 702 1849 ,
731 1804 771 1836 et
799 1797 842 1836 id
871 1799 1068 1836 amicitiae
1095 1795 1292 1851 singulari.
1321 1794 1492 1834 fortasse,
1517 1792 1687 1844 tribuat,

241 1859 293 1898 de
312 1874 392 1912 quo
422 1862 465 1898 in
497 1860 612 1900 Notis
643 1876 715 1901 suo
750 1862 838 1902 loco
871 1863 1110 1902 videbimus.

354 1925 439 1964 Iam
461 1925 510 1964 de
531 1926 760 1966 excellentia
773 1957 785 1978 ,
815 1928 964 1983 fructu,
994 1928 1189 1982 elegantia
1229 1934 1270 1966 et
1297 1925 1542 1966 ornamentis
1560 1923 1687 1963 histo-

244 1992 327 2029 riae
346 1990 468 2030 huius
487 1992 586 2044 quid
620 2006 692 2045 ego
724 1994 818 2032 satis
838 1994 1004 2046 dignum
1023 1987 1362 2031 commemorem?
1417 1991 1528 2030 Inter
1546 2003 1689 2028 recen·-

241 2057 364 2094 tiores
384 2056 546 2109 quidem
565 2071 701 2096 rerum
723 2059 968 2097 Graecarum
983 2088 995 2110 ,
1025 2073 1095 2098 seu
1113 2058 1426 2112 Byzantinarum
1453 2056 1685 2108 scriptores,

242 2128 288 2159 ut
302 2129 394 2160 sunt
411 2123 603 2174 Zonaras,
632 2123 793 2163 Nicetas
807 2154 819 2176 ‚
868 2124 1073 2163 Cedrenus
1091 2153 1104 2174 ,
1143 2131 1182 2163 et
1201 2121 1295 2174 alii,
1332 2135 1423 2161 meo
1454 2120 1618 2174 quidem
1646 2126 1687 2158 et

242 2186 509 2239 quorumdam
527 2187 630 2227 bene
648 2187 916 2228 litteratorum
935 2190 1082 2228 iudicio
1099 2189 1164 2228 hic
1184 2189 1334 2242 primas
1349 2193 1483 2226 tenet:
1503 2185 1685 2225 videtur-

239 2260 321 2305 que
349 2252 456 2291 solus
487 2253 669 2293 didicisse
684 2284 696 2305 ‚
725 2247 806 2308 quo
832 2263 948 2308 pacto
969 2255 1020 2294 ad
1043 2255 1203 2294 laudem
1233 2251 1531 2293 accommodate
1547 2257 1698 2300 conte-v

241 2317 367 2356 xenda
381 2319 431 2356 sit
443 2317 624 2358 historia.
656 2321 778 2372 Mira,
790 2335 913 2372 nova,
924 2320 1119 2372 inaudita,
1130 2320 1334 2370 inusitata,
1347 2315 1596 2356 occultorum
1606 2315 1686 2353 Dei

240 2383 482 2422 iudiciorum
501 2384 636 2437 plena,
652 2386 834 2438 grandia,
855 2386 1026 2425 illustria
1043 2385 1169 2425 multa
1182 2384 1248 2423 hic
1263 2389 1534 2423 recensentur.
1562 2380 1635 2431 Et,
1649 2380 1683 2418 si

240 2447 408 2488 historia
422 2449 540 2488 debet
559 2464 641 2488 esse
654 2451 846 2503 prudens,
866 2460 986 2505 atque
998 2459 1138 2491 ornata
1152 2464 1288 2489 rerum
1302 2449 1525 2502 explicatio,
1538 2452 1682 2485 neutra

240 2514 369 2552 virtus
389 2516 431 2552 in
450 2514 525 2554 hac
544 2515 791 2556 desideratur
805 2532 817 2556 ε
848 2532 950 2571 quae
970 2517 1067 2557 mihi
1092 2529 1248 2570 semper
1267 2529 1292 2554 a
1306 2516 1395 2554 viro
1413 2511 1678 2560 nobilissimo,

241 2586 280 2617 et
296 2580 454 2632 ingenio
478 2581 802 2621 excellentiSsimo
823 2585 1136 2636 suavissimoque
1147 2584 1234 2622 visa
1244 2578 1558 2633 estprossuxisse.
1580 2575 1679 2613 Pru-

241 2643 375 2683 dentia
394 2645 577 2686 militaris
597 2655 716 2701 atquc
736 2649 863 2689 civilis
876 2657 959 2688 tam
974 2650 1115 2688 eximia
1129 2648 1195 2687 hic
1211 2646 1355 2699 elucet,
1391 2651 1439 2683 ut
1453 2643 1691 2710 civitatum,-
