1852 3146
375 108 483 165 238
897 121 1264 165 cmAcqum

182 235 360 278 A.C.1327
372 226 444 270 καί
464 226 535 281 τῆς
557 223 752 280 στρατιᾶς
777 222 1117 296 ἀπεστερημένων
1141 223 1215 277 τῆς
1235 219 1400 277 ἔτησίου
1428 220 1714 282 μισθοφορᾶς,
1738 219 1792 276 ἢν
1836 213 1837 216 “

370 291 501 347 μόνην
529 288 673 343 ἔχουσι
702 288 777 329 τοῦ
808 288 902 340 βίου
929 283 1145 341 αφορμῆν,
1184 286 1258 328 οὐκ
1288 282 1458 328 ἀνεκτόν
1486 285 1796 348 ἡγησάμηνιμε-

249 355 620 413 ΡΑίιἹγαλοψύχως
648 351 722 401 τὰς
752 348 970 406 ἀλλοτρίας
992 351 1135 406 φέρειν
1162 351 1394 406 συμφοράς.
1423 352 1558 392 καίτοι
1578 350 1795 403 σκέψασθε

369 420 427 470 ὥς
451 419 706 461 ἀδικοῦνται.
735 418 895 472 πρῶτον
916 416 994 467 μὲν
1015 413 1094 470 γὰρ
1118 409 1203 456 οὔτ’
1224 416 1443 471 ἐμπορίαις
1465 409 1559 462 οὔτε
1579 413 1796 469 γεωργίαις

369 480 466 527 οὔθ’
485 482 637 539 ἑτέροις
661 479 967 537 ἐπιτηδεύμασί
984 494 1116 532 τισιν,
1151 480 1196 530 ἐξ
1219 473 1276 521 ὧν
1295 474 1349 522 ἂν
1373 481 1599 536 πορίζοιντο
1625 477 1677 522 τὰ
1703 480 1821 524 ἐπι-5

343 549 529 604 ’τήδεια,
581 550 677 602 παρ’
706 546 825 601 ἡμῶν
858 545 1169 600 συγχωροῦνται
1213 545 1400 598 χρῆσθαι
1433 544 1550 586 ἕνεκα
1583 542 1661 594 τοῦ
1693 540 1797 598 πρὸς

369 613 447 664 τὰς
486 610 746 668 ἐκστρατείας
784 606 852 652 da*
884 611 1041 662 ἕτοιμοι
1080 605 1187 651 εἶναι
1232 609 1306 650 καί
1346 606 1405 663 μή
1445 606 1669 662 κωλύματά
1703 622 1797 650 τινα
1851 647 1852 659 ,

371 678 482 733 ἔχειν
508 673 613 719 ὥστε
636 675 943 730 ἀναγκάζεσθαι
974 673 1079 715 οἴκοι
1107 675 1258 726 μένειν.
1288 670 1428 715 ἔπειτα
1457 674 1504 715 δὲ
1532 670 1652 728 παρὰ
1674 674 1799 732 βασι-

372 745 477 792 λέως
506 740 577 782 καὶ
597 741 729 782 αὕτοῦ
751 741 827 781 τοῦ
846 739 1096 793 τεταγμένου
1122 734 1420 792 ἀπεστέρηνται
1442 737 1623 791 μισθοῦ,
1649 731 1697 778 ὃν
1716 731 1767 778 οὗ
1765 751 1798 790 χ

372 806 534 858 ἁπλῶς,
564 805 654 847 ἀλλ’
685 801 822 860 ὅρκοις
846 802 1110 857 ἐπηγγείλατο
1136 801 1381 862 ἀποδιδόναι
1405 795 1598 856 ἐτησίους,
1617 798 1691 852 καὶ
1709 801 1852 855 τρί-ιο

247 880 464 924 V.118wv,
490 871 713 926 ἠμέληνται
735 871 834 924 παρ’
862 870 965 921 ἐμοῦ
988 867 1059 909 ε’πί
1082 869 1278 909 τοσοῦτον
1315 865 1470 923 χρόνον
1507 866 1625 908 ἕνεκα
1642 866 1716 908 τοῦ
1737 862 1797 921 μὴ

375 941 543 991 βασιλεῖ’
575 937 704 976 δοκεῖν
744 932 939 990 φορτικὸς
974 931 1049 974 καί
1069 934 1267 987 ἐπαχθής.
1317 933 1533 987 καίτοιγε
1567 931 1696 987 ἐχρῆν
1725 931 1800 983 ἐμὲ

336 1001 478 1058 Βπρὸς
504 1003 581 1053 μὲν
611 998 661 1042 τὰ
677 1000 811 1041 ,οἰκεῖα
837 999 1063 1054 φαίνεσθαι
1083 996 1372 1054 μεγαλόφρονα
1402 997 1475 1039 καὶ
1489 994 1801 1052 καταφρονητὴν

373 1065 595 1123 χρημάτων
621 1066 691 1106 καί
720 1063 853 1105 πάντα
883 1065 934 1119 τῇ
969 1064 1046 1104 τοῦ
1077 1061 1232 1118 πατρὸς
1261 1065 1620 1113 ἐξακολουθοῦντα
1645 1059 1800 1118 γνώμῃ,

372 1129 477 1186 πρὸς
504 1131 550 1171 δὲ
582 1126 631 1171 τοὶ
664 1125 820 1169 τούτων
849 1125 1110 1182 κηδεμονικὸν
1139 1129 1209 1167 καί
1236 1123 1531 1182 ἀπαραίτητον,
1567 1125 1648 1169 καὶ
1666 1125 1852 1168 πάνταιό

373 1198 446 1237 καί
473 1195 716 1236 ἐπινοοῦντα
750 1194 822 1234 καί
852 1191 1108 1247 πράττοντα,
1147 1188 1253 1233 ὥστε
1287 1189 1344 1246 μὴ
1382 1191 1705 1244 ἀποστερεῖσθαι
1725 1189 1801 1234 τοῦ
1849 1209 1852 1211 >

372 1260 531 1314 μισθοῦ
556 1255 706 1305 αὖτοὺς
714 1289 727 1309 ,
764 1258 872 1311 μηδὲ
895 1254 1186 1312 εὐγνωμοσύνῃ
1219 1257 1270 1312 τῇ
1296 1252 1397 1311 πρὸς
1426 1251 1499 1295 τὸν
1526 1255 1699 1308 βασιλέα
1727 1268 1802 1293 κα-

373 1329 460 1372 κοῖς
499 1328 585 1371 τοῖς
617 1320 810 1375 ἐσχάτοις
844 1320 1118 1376 περιβάλλειν·
1161 1319 1210 1361 οῦ
1230 1318 1320 1376 ,γάρ
1359 1318 1658 1378 εὐγνωμοσύνη
1679 1316 1800 1366 τοῦτό

372 1403 432 1442 γε,
462 1383 550 1428 ἄλλ’
573 1384 734 1440 ὠμότης
757 1384 829 1426 καί
854 1383 1135 1440 οἷπανθρωπία
1161 1383 1337 1438 ἐσχάτη,
1365 1381 1425 1436 τὸ,
1445 1379 1596 1438 ἑτέρων
1621 1380 1701 1424 ὑπὸ
1728 1383 1802 1427 τοῦ

373 1454 500 1505 λιμοῦ
538 1449 855 1492 κινδυνευόντων
900 1450 1170 1501 ἀπολεῖσθαι,
1222 1452 1530 1502 μεγαλοψυχεῖν
1565 1444 1700 1498 αὖτόν.
1749 1445 1852 1488 οὔπα

373 1513 457 1570 μὴν
492 1516 716 1570 παρέλιπον
752 1513 799 1555 τὸ
825 1513 884 1568 μὴ
914 1515 1117 1566 βασιλέως
1150 1514 1318 1554 δεῖσθαι
1349 1512 1419 1555 dec*
1445 1511 1493 1568 τῇ
1527 1510 1704 1569 στρατιᾷ
1722 1526 1800 1565 χο-

376 1582 598 1634 ρηγεῖσθαι
619 1576 691 1619 τὸν
709 1577 880 1630 μισθόν.
913 1579 957 1626 ἐς
980 1578 1176 1618 τοσοῦτον
1204 1574 1283 1631 γάρ
1312 1577 1488 1632 ἀπορίας
1516 1570 1678 1631 ἤλασαν
1700 1579 1800 1617 πολ-

334 1643 446 1685 caol
475 1643 636 1695 αὐτῶν,
678 1640 746 1690 ὦς-
764 1641 1100 1696 ἀποκαρτερῆσαι
1124 1638 1197 1689 τὰς
1223 1646 1424 1694 γυναῖκας
1450 1640 1612 1694 αὖτῶν,
1651 1639 1800 1689 νυκτὸς

375 1763 482 1795 litum
508 1760 688 1806 stipendia
714 1765 815 1794 erant
838 1759 1076 1799 conferenda,
1101 1764 1138 1792 et
1160 1770 1204 1792 ex
1220 1759 1351 1804 quibus
1374 1758 1457 1793 solis
1477 1761 1587 1794 vitam
1601 1765 1799 1794 sustentare

374 1807 584 1847 habebant,
619 1805 823 1851 improbum
858 1804 945 1838 duxi
972 1806 1108 1838 alienus
1139 1806 1358 1839 calamitates
1393 1806 1533 1840 excelso
1562 1808 1680 1841 auimo
1705 1807 1799 1840 velle

375 1854 521 1886 intueri.
568 1852 781 1896 perpendite
803 1852 962 1894 paulum,
990 1857 1123 1896 quanta
1142 1852 1216 1884 illis
1233 1852 1295 1884 fiat
1316 1852 1459 1885 iniuria.
1507 1853 1663 1886 Primum
1682 1853 1799 1898 siqui—

376 1899 458 1933 dem
476 1910 594 1944 neque
613 1903 829 1937 mercatura,
855 1908 974 1942 neque
1005 1897 1240 1941 agricultura,
1263 1907 1381 1943 neque
1403 1898 1554 1937 aliarum
1581 1909 1700 1933 rerum
1719 1904 1798 1932 stu-

376 1945 469 1986 diis,
502 1945 547 1978 de
584 1944 714 1990 quibus
747 1943 817 1976 sibi
845 1943 979 1976 victum
1010 1949 1196 1989 pararent,
1235 1955 1256 1976 a
1288 1943 1393 1976 nobis
1421 1945 1588 1979 sinuntur
1613 1944 1797 1989 occupari:

373 1998 565 2036 propterea
582 1990 679 2035 quod
696 1990 742 2023 ad
766 1989 1014 2033 expeditiones
1046 2001 1185 2034 semper
1216 1989 1330 2033 parati
1360 2000 1435 2023 esse
1463 1995 1654 2035 coguntur,
1676 2001 1797 2036 neque

374 2038 450 2069 ulla
477 2036 734 2080 impedimenta
757 2040 985 2079 praetexere,
1019 2035 1065 2068 ob
1095 2046 1186 2081 quae
1224 2034 1322 2068 ‹lomi
1340 2040 1516 2069 maneant.
1578 2035 1719 2069 Deinde
1751 2035 1796 2069 ab

374 2083 589 2125 imperatore
611 2081 788 2114 destinata
803 2080 963 2114 mercede
982 2081 1138 2114 fraudati
1153 2086 1247 2122 sunt,
1275 2092 1381 2126 quam
1398 2082 1461 2115 ille
1481 2093 1554 2116 non
1573 2081 1795 2127 simpliciter,

375 2128 439 2160 sed
472 2129 684 2171 interposito
710 2132 927 2159 sacramento
965 2126 1003 2159 in
1032 2138 1142 2160 annos
1167 2127 1326 2171 singulos
1356 2138 1392 2160 se
1417 2128 1682 2172 persoluturum
1711 2139 1796 2172 spo—

374 2172 513 2218 pondit.
561 2172 709 2205 Accedit
721 2172 884 2205 tertium:
909 2172 1063 2215 neglecti
1087 2178 1171 2206 sunt
1195 2184 1215 2205 a
1238 2184 1295 2205 me
1318 2173 1478 2214 tamdiu,
1503 2185 1549 2207 ne
1572 2184 1797 2213 avopouero-

372 2229 433 2251 nus
460 2230 499 2250 ac
523 2218 692 2250 molestus
715 2217 877 2259 viderer;
910 2228 1124 2262 quamquam
1149 2219 1188 2251 in
1214 2229 1317 2250 causa
1351 2219 1544 2253 domestica
1571 2230 1734 2264 magnum
1760 2224 1798 2252 et

372 2264 547 2308 pecuniae
572 2268 852 2306 contemptorem
876 2263 1033 2295 animum
1061 2274 1181 2307 gerere
1205 2264 1423 2309 omninoque
1450 2265 1495 2298 ad
1517 2270 1701 2309 paternam
1730 2275 1795 2298 vo-

373 2309 549 2342 luntatem
576 2319 631 2341 me
665 2309 885 2341 conformare
909 2307 1037 2340 debui:
1070 2307 1198 2341 horum
1222 2314 1341 2341 autem
1373 2310 1412 2342 in
1446 2316 1601 2354 egestate
1626 2321 1794 2354 procura-

373 2355 510 2387 tionem
533 2355 726 2397 suscipere,
751 2364 817 2385 nec
834 2363 909 2385 eam
932 2356 1139 2399 cuiusquam
1163 2354 1328 2397 precibus
1347 2354 1532 2396 deserere,
1556 2355 1618 2389 sed
1637 2358 1790 2400 cogitare

372 2406 586 2445 tentat-eque
611 2400 750 2438 omnia,
774 2410 819 2431 ne
840 2398 1020 2443 stipendia
1043 2411 1106 2432 sua
1127 2401 1349 2441 amitterent,
1373 2412 1490 2445 neque
1516 2401 1601 2435 dum
1625 2401 1664 2435 in
1685 2413 1790 2435 avum

373 2457 431 2482 me
454 2447 555 2490 pium
577 2450 756 2490 praestare
782 2445 896 2484 nitor,
933 2445 1124 2478 teterrimis
1152 2456 1211 2478 eos
1238 2446 1500 2479 calamitatibus
1535 2448 1668 2480 involvi
1693 2449 1795 2481 sine..

374 2503 460 2526 rem.
506 2491 587 2524 Non
614 2491 710 2523 enim
734 2494 787 2523 est
812 2491 878 2524 ista
914 2491 1189 2536 aequanimitas,
1223 2491 1286 2524 sed
1312 2491 1607 2526 inhumanissima
1636 2493 1792 2528 crudeli—

374 2543 442 2578 tas,
470 2537 549 2569 aliis
572 2536 618 2569 ob
636 2542 828 2569 extremam
851 2536 1006 2570 inediam
1030 2541 1167 2570 tantum
1190 2548 1262 2569 non
1277 2538 1430 2572 animam
1451 2539 1650 2583 agentibus,
1673 2540 1792 2584 ipsum

375 2585 513 2616 interea
536 2583 574 2615 in
600 2583 733 2626 magnis
758 2582 945 2625 spiritibus
973 2583 1210 2628 acquiescere.
1239 2582 1321 2616 Non
1344 2588 1466 2617 tamen
1489 2583 1613 2619 destiti
1635 2585 1792 2629 impera·-

374 2634 490 2662 torem
513 2639 612 2662 orare
635 2628 798 2667 assiduo,
827 2630 867 2660 ut
894 2628 1070 2661 militibus
1092 2628 1238 2661 nomina
1267 2630 1563 2672 persolverentur.
1582 2651 1586 2655 ›
1612 2630 1671 2669 Sic
1694 2632 1790 2665 enim

376 2674 422 2710 ad
443 2675 570 2710 incitas
592 2674 757 2721 plerique
782 2673 916 2708 redacti
939 2679 1059 2716 erant,
1082 2679 1146 2717 ut,
1170 2685 1216 2709 ne
1238 2673 1330 2710 fame
1356 2681 1600 2719 morerentur,
1621 2676 1788 2712 mulieres
