1820 3164
300 110 407 166 502
823 123 1192 172 CANTAcanm

99 231 406 287 Δ.0.ι336δοκῇ.
461 225 610 280 αὐτούς
647 243 695 270 τε
731 223 1014 285 εὗεργετήσειν
1048 235 1192 283 ,τιμαῖς
1218 246 1263 274 τε
1292 233 1367 282 καὶ
1389 228 1610 289 προσόδοις
1634 233 1730 291 ἐτη.

295 295 402 344 σιὀις
427 287 487 336 ὧν
521 290 571 335 ἂν
597 295 768 344 ἕκαστος
795 289 909 344 ἄξιος
934 296 1084 352 κριθῇ.
1140 296 1398 351 αὐτονόμους
1421 299 1469 342 δὲ
1505 297 1660 350 αὖτοὺς
1686 298 1731 343 ἕ-

293 374 448 417 χοντας
470 359 747 414 Ἀκαρνανίας
788 358 862 415 τὴν
896 355 1055 415 ἀρχὴν,
1099 356 1173 405 οὗκ
1203 356 1257 404 ἂν
1289 361 1579 423 παρόψεσθαι,
1633 363 1729 408 ἀλλ’

295 426 574 481 ἐπιχειρήσειν
602 423 730 466 παντὶ
763 427 822 483 τῷ
846 425 985 484 τρόπῳ
1010 427 1292 469 καταδουλοῦν
1325 427 1398 470 καὶ
1426 429 1598 486 ὑπάγειν
1627 426 1729 472 ἓαυ..

295 490 374 547 τῷ.
431 491 503 531 καί
530 492 730 544 βασιλέας
759 488 836 546 γὰρ
868 490 967 540 τούς
997 487 1129 532 αὐτοῦ
1155 490 1383 548 προγόνους
1419 493 1570 550 πολλὴν,
1597 493 1753 552 φρον-5

294 556 389 597 τίδα
414 557 666 611 πεποιῆσθαι
688 557 764 597 τοῦ
786 553 1066 612 Ἀκαρνανίαν
1093 556 1172 614 ὑφ’
1203 553 1382 608 ἑαυτοὺς
1407 563 1638 616 ποιεῖσθαι,
1674 556 1726 603 οἷ-

295 622 419 670 δίκως
446 617 779 677 ἆποτετμημένην
799 623 870 678 τῆς
896 620 1124 676 εΡωμαίων
1155 622 1398 678 ἡγεμονίας,
1437 625 1521 668 τόν
1556 624 1730 683 πρώτως

292 683 427 742 αῧτὴν
454 683 777 744 ἆποστησάντων
800 688 1007 747 αὐθαδείᾳ
1035 690 1107 731 καί
1130 685 1401 748 ἀγνωμοσύνῃ
1434 691 1488 748 τῇ
1520 689 1621 748 πρὸς
1649 695 1730 747 βα-

247 759 280 794 1)
297 754 415 795 σιλέα
443 753 503 801 εἷς
543 753 654 795 ἰδίαν
680 749 845 804 ἑαυτοῖς
875 750 1012 810 άρχῆν
1047 756 1432 810 περιποιησαμένων
1468 754 1541 798 καὶ
1575 772 1728 814 κρατυ-

295 819 482 871 ναμένων
510 818 583 859 ἑπί
604 817 757 875 χρόνον
801 814 882 875 ἤδη
926 818 1080 874 συχνόν
1108 837 1202 863 τινα
1247 819 1319 862 διὰ
1359 818 1406 863 τὸ
1437 823 1638 875 βασιλέας,
1670 822 1784 872 signo

295 885 446 928 ἐθνῶν·
465 900 589 926 τινων
614 885 819 938 πολέμους
851 883 1018 942 ἑτέρους
1048 887 1335 943 ἤσχολῆσθαι.
1389 885 1486 930 νυνὶ
1518 887 1566 930 δὲ
1602 885 1731 931 αὐτὸν

296 949 562 1006 ἀμελήσαντα
591 950 673 993 τῶν
697 945 856 1005 ἄλλων,
896 952 1049 994 ἐνθάδε
1074 949 1202 1008 ἥκειν.
1256 953 1297 995 εἷ
1325 954 1405 1007 μὲν
1431 948 1509 996 οὖν
1532 953 1733 996 ἐθέλωσιν

296 1008 394 1058 ἄνευ
427 1013 560 1058 πόνων
587 1018 659 1058 καί
684 1015 887 1060 κινδύνων
910 1016 987 1067 τὰς
1013 1016 1152 1068 πόλεις
1177 1018 1291 1077 αὐτῷ
1317 1016 1598 1075 παραδιδόναι
1610 1052 1629 1073 ,.
1652 1013 1733 1060 αὖ·

295 1080 369 1124 τόν
396 1097 442 1123 τε
469 1081 722 1138 πραγμάτων
753 1080 1004 1136 ἀπαλλάξειν
1044 1086 1117 1127 καί
1141 1087 1288 1142 σφίσιν
1314 1085 1458 1135 αῧτοῖς
1483 1085 1638 1135 αἰτίους
1663 1100 1732 1140 γε·

294 1145 496 1202 νήσεσθαι
522 1150 711 1202 μεγάλων
739 1144 926 1203 ἀγαθῶν·
966 1148 1040 1192 ἐὰν
1067 1152 1115 1194 δὲ
1141 1149 1215 1206 μὴ,
1243 1150 1301 1200 ὥς
1319 1149 1626 1206 πολεμήσοντας
1649 1150 1783 1194 ant-15

294 1215 351 1272 τῷ
378 1209 774 1270 παρασκευάζεσθαι
804 1215 1090 1265 ἀπελθόντας.
1141 1216 1341 1272 βασιλευς
1379 1217 1459 1271 μὲν
1485 1211 1559 1260 οὖν
1584 1221 1731 1262 τοιαῦ-

297 1295 352 1320 τα
379 1276 513 1322 εἶπεν·
570 1278 609 1321 οἱ
636 1280 828 1336 πρέσβεις
855 1283 902 1324 δὲ
931 1280 1130 1338 ὁρῶντες,
1179 1283 1237 1333 ὥς
1264 1285 1304 1326 εἰ
1328 1281 1387 1338 μὴ
1416 1285 1623 1327 πείθοιντο
1648 1290 1733 1335 τοῖς

297 1347 502 1398 βασιλέως
528 1344 687 1399 λόγοις,
731 1346 897 1396 οὕδενός
936 1345 1083 1404 ἑτέρου
1111 1352 1353 1402 λειπομένου
1378 1343 1406 1406 ἢ
1434 1349 1733 1407 διαφθειρομέ-

298 1425 372 1465 νην
397 1409 476 1452 ὑπὸ
516 1412 593 1452 τοῦ
615 1410 797 1464 πολέμου
826 1411 900 1468 την
924 1414 1000 1468 γῆν
1029 1409 1166 1455 αὖτῶν
1195 1411 1310 1472 ὅρᾷν,
1340 1417 1732 1472 παρεσκευασμένης

294 1476 485 1529 ἐσβαλεῖν
526 1471 652 1532 οἷῖσης
689 1479 761 1533 τῆς
782 1477 1009 1531 εΡωμαίων
1033 1480 1245 1535 στρατιᾶς,
1273 1482 1384 1536 σφοῖς
1410 1477 1456 1522 τε
1483 1477 1635 1532 αὖτοὺς
1661 1481 1788 1525 ‚caedo

170 1540 371 1591 Reofivoig
399 1540 538 1591 πόλεις
565 1544 798 1598 συνέβησαν
821 1544 1126 1600 παραδιδόναι·
1182 1544 1255 1587 καί
1279 1547 1370 1599 μετ’
1397 1546 1447 1587 οὔ
1475 1545 1582 1589 πολὺ
1609 1547 1733 1602 βασι-

295 1608 399 1656 λέως
425 1609 515 1650 ἐκεῖ
533 1610 764 1662 γενομένου,
794 1610 844 1651 αἵ
866 1625 911 1651 τε
937 1608 1078 1660 πόλεις
1105 1612 1234 1652 πᾶσαι
1262 1610 1587 1667 προσεχώρησαν
1612 1609 1731 1655 ἑκοῦ-

295 1686 370 1714 σαι
395 1672 470 1715 καί
492 1673 518 1728 ἦ
547 1672 722 1728 στρατιὰ
750 1670 839 1728 ἅμα
866 1679 951 1724 τοῖς
979 1675 1168 1725 δυνατοῖς
1194 1677 1280 1723 τοῖν,
1310 1672 1591 1733 Ἀκαρνάνων.
1651 1681 1731 1732 βα-

390 1787 443 1820 ¹9·
489 1775 544 1808 Ita
569 1785 659 1811 corr.
684 1775 759 1810 ΕΙ).
782 1776 818 1809 Ρ.
843 1787 908 1822 pro
933 1776 1301 1823 παρεσκευασμένος.

295 1875 336 1898 ae
367 1865 547 1910 principes
592 1864 791 1899 honoribus
834 1870 871 1899 et
907 1866 1034 1899 annuis
1067 1865 1267 1907 reditibus,
1302 1877 1598 1913 unumquemque
1637 1877 1724 1902 suae

293 1922 467 1956 personae
493 1913 748 1946 convenienter
774 1914 990 1946 affecturum.
1054 1913 1100 1945 Ut
1122 1919 1243 1946 autem
1266 1913 1401 1946 nullius
1426 1914 1578 1958 imperio
1602 1913 1726 1948 subie-

294 1959 343 1991 cti
359 1982 368 1997 ,
391 1958 609 1991 Acarnaniae
631 1959 875 2004 principatum
902 1959 1081 1992 retineant
1097 1984 1107 2001 ,
1134 1959 1174 1992 id
1197 1971 1234 1993 se
1258 1960 1405 1993 minime
1428 1970 1638 2005 passurum:
1662 1959 1726 1994 sed

294 2005 393 2037 omni
425 2015 492 2047 ope
518 2006 726 2045 enisurum,
762 2010 804 2038 ut
839 2016 921 2038 eum
951 2005 1084 2038 ditioni
1118 2017 1203 2039 suae
1239 2006 1407 2050 subiuget
1450 2002 1725 2052 atque'subdat.

292 2050 384 2082 Nam
409 2055 445 2082 et
468 2051 619 2084 maiores
649 2063 730 2085 suos
750 2052 982 2096 imperatores
1008 2051 1200 2086 admodum
1223 2053 1324 2086 cordi
1347 2051 1530 2093 habuisse,
1555 2053 1609 2087 uti
1620 2055 1729 2087 Acar-

292 2096 438 2131 naniam
461 2096 593 2130 iniuste
618 2099 810 2131 aRomano
835 2098 1025 2131 abscissam
1049 2099 1203 2143 imperio
1228 2099 1355 2133 eodem
1379 2104 1607 2133 revocarent:
1632 2110 1727 2146 quae

294 2143 527 2188 quorumdam
553 2145 721 2189 superbia
758 2150 794 2177 et
845 2145 978 2178 scelere
1003 2145 1170 2179 adversus
1195 2147 1450 2190 imperatorem
1474 2145 1654 2190 principio
1679 2145 1726 2179 ab

293 2189 371 2222 eius
404 2188 475 2222 fide
512 2196 676 2231 avocata,
721 2189 852 2224 deinde
887 2192 925 2224 in
971 2202 1093 2225 eorum
1139 2192 1386 2231 dominatum,
1421 2191 1492 2224 iam
1525 2193 1727 2238 longinquo

292 2240 474 2279 tempore,
499 2235 583 2269 dum
606 2238 836 2281 imperatores
862 2237 959 2271 bello
987 2249 1065 2271 cum
1092 2238 1172 2272 aliis
1191 2240 1332 2284 aliquot
1355 2237 1522 2283 gentibus
1544 2249 1727 2284 occupan-

293 2286 373 2320 tur,
411 2282 701 2323 corroboratum,
739 2295 906 2317 conversa
941 2284 996 2317 sit.
1059 2285 1164 2318 Nunc
1200 2286 1280 2319 aliis
1315 2283 1556 2328 posthabitis,
1591 2284 1663 2318 huc
1688 2295 1725 2318 se

290 2327 504 2373 profectum,
559 2328 596 2361 Si
633 2330 741 2374 igitur
776 2331 863 2363 citra
898 2330 1038 2364 labores
1079 2332 1311 2377 periculaque
1355 2330 1461 2363 urbes
1489 2329 1560 2363 sibi
1585 2331 1725 2364 tradere

292 2373 423 2413 velint,
448 2380 485 2407 et
507 2386 544 2409 se
574 2377 749 2409 molestiis
775 2376 968 2410 liberatum
997 2378 1063 2417 iri,
1099 2383 1136 2411 et
1166 2389 1226 2411 eos
1268 2377 1429 2421 ingentia
1453 2376 1600 2410 sibimet
1633 2377 1729 2411 bona
1770 2398 1773 2403 =

294 2420 544 2454 conciliaturos
571 2421 657 2454 fore.
708 2422 771 2455 Sin
796 2424 937 2463 minus,
975 2424 1119 2457 abirent
1149 2430 1187 2457 et
1218 2422 1406 2463 viderent,
1440 2422 1621 2468 quomodo
1650 2424 1728 2457 for—

291 2472 398 2500 tuuas
423 2478 503 2500 suas
529 2473 728 2505 tuerentur.
778 2469 873 2502 Haec
898 2470 1100 2513 imperator.
1166 2469 1288 2515 Legati
1318 2474 1525 2510 cernentes,
1559 2469 1631 2502 nisi
1661 2482 1728 2515 pa-

294 2516 414 2546 rerent
430 2539 438 2553 ,
464 2514 557 2547 nihil
582 2525 765 2559 superesse
790 2516 903 2556 aliud,
933 2527 1036 2560 quam
1063 2521 1103 2549 ut
1127 2518 1309 2561 regionem
1333 2527 1431 2548 suam
1454 2514 1636 2549 hostiliter
1663 2516 1730 2549 d'e-

294 2565 467 2592 vastatam
492 2560 715 2603 aspicerent,
742 2567 866 2606 parato
892 2561 937 2595 ad
963 2564 1202 2607 irruptionem
1228 2563 1385 2595 Romano
1411 2563 1584 2604 exercitu,
1612 2573 1725 2608 seque

296 2606 476 2651 urbesque
511 2606 703 2641 tradituros
740 2614 965 2642 annuerunt:
1005 2619 1047 2642 ac
1077 2609 1178 2642 brevi
1215 2609 1376 2642 civitates
1413 2619 1533 2641 omnes
1577 2620 1723 2653 unaque

299 2652 472 2685 militares
498 2654 624 2697 copiae
661 2658 697 2686 et
721 2653 943 2688 Acarnanum
968 2656 1150 2699 principes
1175 2656 1213 2688 in
1236 2655 1435 2699 praesentis
1461 2653 1579 2687 adhue
1623 2660 1725 2698 pote·

294 2702 421 2731 statem
445 2699 601 2736 libentes
626 2706 888 2736 concesserunt,
934 2702 1127 2746 Imperator
1154 2702 1328 2747 egregiam
1354 2701 1391 2737 in
1412 2701 1494 2735 illos
1518 2707 1725 2736 mansuetu-
