1832 3138
1733 0 1773 55 Ἥ

309 84 384 151 44
788 116 791 118 -
841 99 1208 154 ςΑΝΤΑῡυΖΕΝι
1687 76 1689 78 ’
1731 56 1769 117 ‘²³³

127 211 300 250 A.c.1320
312 204 401 257 βών
416 234 428 255 ,
458 203 502 244 ἐκ
520 200 602 243 τῶν
627 200 821 242 ἐναντίων
855 200 1076 255 ἀντιλέγων
1101 200 1204 257 πρὸς
1236 199 1307 243 τὸν
1338 202 1469 254 μέγαν
1495 201 1759 257 δομέᾳτικοκ,

307 266 401 324 ἔφη·
435 299 463 320 „
473 267 544 321 τῆς
558 265 824 321 ἀνθρωπίνης
850 265 1014 322 φύσεως
1037 265 1082 308 τὸ
1110 266 1246 314 ἐνδεὲς
1273 263 1448 320 ἐχούσης
1478 264 1552 308 καὶ
1580 266 1652 323 τῆς
1670 281 1737 309 τε..
1762 268 1793 321 {³

307 333 419 382 λείας
437 332 519 373 τῶν
552 324 683 372 ὄντων
709 328 897 384 γνώσεως
930 331 1274 384 ἀπολειπομένης,
1310 329 1463 371 οὐδένα
1497 331 1589 378 δεῖν
1619 327 1736 384 οἶμαι
1788 387 1792 389 λ

306 401 392 446 τοῖς
416 392 489 437 ἀπ’
511 390 656 451 ἀρχῆς
678 395 935 448 δεδογμένοις
963 396 1176 448 ἐμμένειν,
1209 390 1262 437 ἂν
1286 392 1391 447 μετὰ
1420 395 1552 439 ταῦτα
1584 396 1736 450 βελτίω

305 460 501 503 τάναντία
526 460 740 517 φαίνηται·
766 455 852 515 ἢεί
868 461 986 513 τοῦτο
1009 460 1211 517 κρατήσῃ,
1247 459 1320 501 οὐκ
1350 455 1403 502 ἂν
1431 460 1590 516 φθάνοι
1619 457 1760 515 udat-5³5
1787 491 1790 495 «

306 520 393 567 ἄνω
418 523 490 567 καί
505 524 614 568 κάτω
638 523 846 580 γενόμενα.
867 520 919 566 ἀν
945 523 1024 581 γάρ
1043 526 1140 579 μήτ’
1161 522 1352 580 ἔμπορος,
1371 524 1477 580 μήθ’
1501 523 1525 567 ὃ
1545 523 1735 582 γεωργὸς,

305 591 408 646 μήθ)
439 588 725 647 ὃκυβερνήτης
754 588 857 645 πρὸς
885 587 934 650 τοὶ
968 591 1164 632 δοκοῦντα
1189 590 1388 644 λυσιτελῆ,
1402 588 1736 646 μεθαρμᾲζηται,

273 650 403 698 (Ξᾶλῖ
423 650 657 710 ἀναγκαίως
676 655 832 713 ἐμμένῃ
855 659 938 705 τοῖς
958 654 1032 696 ἀπ’
1052 651 1186 711 ἀρχῆς
1216 655 1499 709 δεδογμένοις,
1528 655 1689 711 ταχέως
1709 653 1738 696 o‘

261 758 264 759 γ
304 721 382 774 μὲν
413 719 660 776 κυβερνήτης
689 717 823 778 ἑαυτῷ
844 720 1133 777 συγκαταδύσῃ
1164 718 1238 775 τήν
1269 720 1372 762 ναῦν
1393 720 1592 772 ἐναντίων
1625 735 1738 775 κινη-

303 786 465 828 θέντων
493 783 760 838 πνευμάτων·
780 783 802 827 ὅ
826 785 865 826 δ’
885 783 1062 842 ἔμπορος
1087 784 1278 839 ἐπανήξει
1300 783 1417 835 κενὸς
1445 784 1684 841 χρημάτων,
1715 779 1794 842 ὄψ’

304 848 485 906 γεωργὸς
506 851 552 892 δὲ
573 848 676 906 πρὸς
695 851 746 906 τῇ
763 851 844 892 τῶν
867 850 1004 892 πόνων
1025 849 1297 906 ἀποστερήσει
1316 847 1389 891 καὶ
1404 847 1544 904 βαθὺν
1565 847 1739 908 ὀφλήσει

305 915 475 968 γέλωτα.
521 913 814 971 προσθήσομεν
843 916 891 958 δέ
919 932 959 957 τι
979 913 1052 957 καὶ
1083 916 1165 957 τῶν
1195 916 1354 957 οἰκείων
1383 915 1740 972 παραδειγμάτων.

306 981 381 1024 οὔκ
401 976 455 1023 ἂν
476 979 574 1022 οὗδὲ
596 978 821 1036 στρατηγὸς
841 985 924 1030 τοῖς
950 981 1023 1021 ἀπ’
1035 981 1168 1036 ἀρχῆς
1191 980 1379 1033 ἐμμένων
1398 981 1737 1035 βεβουλευμένοις

304 1046 501 1102 τρόπαιον
522 1041 604 1086 ἀπὸ
627 1045 710 1087 τῶν
730 1047 933 1098 πολεμίων
955 1044 1190 1100 ἀναστήσει,
1213 1045 1305 1087 ἀλλ’
1327 1046 1512 1102 αἰσχρῶς
1531 1044 1604 1089 καί
1619 1042 1738 1101 ἆγεν-

291 1113 389 1161 .νῶς
408 1107 623 1165 ἡττηθεὶς,
655 1110 988 1163 συγκινδυνεύσει
1008 1114 1091 1160 τοῖς
1113 1108 1389 1166 στρατιώταις·
1421 1106 1476 1153 ἂν
1494 1109 1574 1168 γάρ
1597 1113 1739 1168 συμβῇ
1744 1113 1790 1168 15

304 1173 438 1230 τυχὸν
458 1173 534 1229 τήν
556 1175 635 1227 μὲν
655 1171 805 1220 ἑαυτοῦ
827 1174 1027 1231 στρατιὰν
1059 1176 1392 1218 πολλαπλασίονα
1421 1177 1505 1218 τῶν
1533 1178 1759 1231 πολεμίων,

261 1238 378 1282 1)καί
386 1238 490 1296 πρὸς
509 1237 561 1281 τά
585 1238 784 1293 πολεμικοὶ
806 1241 962 1293 μᾶλλον
975 1240 1209 1296 ἠσκημένην
1229 1242 1422 1295 ἡγεῖσθαι
1439 1239 1512 1284 καὶ
1531 1241 1602 1284 διὀὶ
1623 1243 1740 1287 τοῦτο
1797 1265 1801 1269 ’

302 1306 389 1347 δεῖν
421 1303 695 1360 βουλεύσηται
729 1303 873 1360 μάχην
905 1304 1151 1360 συνάπτειν,
1186 1302 1258 1348 εἶτ’
1279 1304 1351 1347 ε’πί
1374 1308 1455 1349 τῶν
1487 1308 1740 1363 πραγμάτων

237 1386 239 1388 ·
300 1368 462 1423 ἐλθών,
481 1368 557 1424 τὴν
580 1371 662 1411 τῶν
682 1371 878 1412 ἐναντίων
907 1370 977 1427 ἴδῃ
1010 1369 1083 1413 καί
1104 1372 1162 1428 τῷ
1188 1371 1339 1426 πλήθει
1379 1370 1453 1413 καί
1479 1373 1529 1428 τῇ
1561 1370 1738 1427 ἀσκήσει

300 1434 474 1484 καὶτοῖς
504 1430 646 1484 ὅπλοις
679 1434 969 1491 ὑπερέχουσαν
990 1438 1126 1493 πολλῷ
1147 1437 1202 1494 τῷ
1225 1435 1386 1493 μέτρῳ·
1429 1435 1499 1478 διὰ
1529 1437 1575 1478 δὲ
1605 1425 1794 1495 τὸ’μήαρ

300 1501 427 1541 λῦσαι
457 1497 508 1541 τοὶ
537 1499 785 1553 δεδογμένα,
823 1500 1047 1554 ἀλογίστως
1078 1501 1360 1556 συμπλέκηται
1379 1499 1453 1542 καί
1478 1502 1741 1561 παραβόλως,

300 1563 375 1605 οὐκ
394 1560 446 1605 ἂν
476 1563 595 1618 ἐγγὺς
626 1565 699 1606 τοῦ
732 1563 958 1616 μαίνεσθαι
997 1566 1179 1621 φαίημεν
1209 1563 1279 1607 τὸν
1309 1564 1532 1622 στρατηγὸν
1561 1569 1739 1625 ἐκεῖνον,

296 1628 425 1673 παντί
439 1643 518 1669 που
545 1629 680 1683 δῆλον.
714 1628 780 1670 διό
809 1644 883 1682 μοι
906 1632 979 1671 καί
997 1632 1044 1672 σὲ
1067 1632 1143 1672 νῦν
1167 1629 1303 1672 ἔπεισι
1323 1632 1559 1686 θαυμάζειν
1571 1665 1585 1686 ,
1610 1629 1741 1685 οὕτως

297 1692 616 1748 ἀποφηνάμενον
639 1691 694 1743 ὥς
719 1686 804 1751 χρή
831 1700 912 1744 τοῖς
937 1696 980 1744 ἐξ
1005 1692 1140 1751 ἀρχῆς
1174 1696 1432 1749 δεδογμένοις
1454 1697 1659 1752 ἐμμένειν,
1691 1699 1738 1740 ἐκ
1784 1692 1788 1696 ’

298 1756 460 1813 πρώτης
481 1757 643 1812 ἡλικίας
659 1760 701 1808 ἐς
721 1760 812 1801 τόδε
832 1759 983 1816 χρόνον
1012 1762 1248 1817 στρατείαις
1271 1760 1344 1804 καί
1352 1768 1437 1812 τοῖς
1457 1763 1503 1804 ἐκ
1523 1760 1792 1820 στρατείας-25

298 1851 437 1884 tionem
458 1852 565 1885 simul
583 1854 733 1898 ,assequi
762 1857 937 1898 nequeat,
969 1854 1106 1887 nemini
1130 1855 1170 1888 in
1193 1854 1270 1896 his,
1299 1866 1390 1901 quae
1419 1855 1463 1888 ab
1488 1856 1595 1890 initio
1610 1857 1644 1890 ei
1665 1858 1740 1892 visa

299 1902 396 1938 sunt,
419 1900 743 1943 conquiescendum
763 1904 865 1944 puto,
890 1901 920 1934 si
938 1901 1166 1944 postmodum
1191 1903 1366 1935 contraria
1389 1901 1538 1936 meliora
1561 1914 1738 1948 apparue-

299 1944 391 1977 rint:
422 1944 560 1989 alioqui
579 1946 678 1979 aliud
699 1946 770 1978 alio
790 1946 897 1986 ferri,
923 1958 962 1979 ac
973 1947 1175 1991 perturbari
1190 1949 1308 1981 omnia
1320 1959 1465 1982 necesse
1479 1952 1541 1982 est.
1590 1949 1627 1986 Si
1642 1951 1740 1983 enim

299 2000 369 2023 nec
393 1996 577 2032 mercator,
602 2003 668 2024 nec
688 1991 856 2036 agricola,
883 2003 950 2025 nee
973 1993 1187 2037 gubernator
1203 1999 1411 2038 perspectae
1436 1995 1678 2032 commoditati
1701 2008 1739 2030 se

300 2036 599 2077 accomodaverit,
626 2048 747 2071 verum
767 2039 806 2070 in
830 2044 994 2083 suscepto
1014 2039 1124 2072 semel
1152 2041 1338 2084 proposito
1358 2043 1655 2085 perseveraverit,
1679 2042 1740 2077 hie

300 2083 418 2115 ventis
460 2082 615 2116 adversis
652 2083 878 2128 surgentibus
925 2086 996 2117 cito
1048 2085 1165 2118 navim
1205 2096 1324 2126 secum
1360 2092 1587 2131 summerget:
1625 2100 1738 2134 nego-

300 2129 410 2161 tiator
452 2139 618 2163 crumena
654 2141 762 2163 vacua
791 2130 943 2163 redibit:
975 2135 1090 2164 arator
1127 2136 1268 2176 praeter
1307 2132 1440 2166 laboris
1473 2133 1739 2171 frustrationem

298 2174 448 2219 publica
466 2177 572 2208 etiam
589 2177 756 2209 irrisione
780 2176 933 2209 ludetur.
984 2177 1193 2222 Quinetiam
1218 2179 1378 2224 exempla
1401 2190 1421 2212 e
1440 2190 1478 2213 re
1503 2185 1623 2214 nostra
1643 2182 1738 2215 adii-

302 2221 445 2253 ciamus.
494 2221 622 2255 Nullus
648 2223 777 2256 ductor
807 2223 1020 2266 placitorum
1046 2225 1206 2268 priortun
1235 2229 1362 2266 tenax,
1397 2225 1443 2258 de
1471 2224 1635 2262 hostibus
1660 2232 1737 2262 tro—

299 2266 457 2312 phaeum
485 2268 612 2312 eriget3
641 2269 750 2302 immo
779 2269 932 2313 turpiter
955 2274 991 2302 et
1006 2271 1205 2304 effeminate
1224 2272 1358 2312 victus,
1388 2283 1498 2317 seque
1511 2273 1738 2320 militemque

299 2312 482 2358 perditum
500 2314 579 2347 ibit.
628 2314 716 2348 Nam
734 2316 764 2348 si
790 2316 908 2359 copias
930 2326 1008 2349 suas
1033 2316 1240 2350 adversariis
1259 2318 1364 2363 longe
1385 2321 1549 2360 maiores,
1577 2323 1614 2353 et
1637 2321 1736 2354 bello

298 2360 564 2393 exercitatiores
592 2371 757 2403 censenS,
784 2361 917 2395 idcirco
940 2363 1080 2406 proelio
1108 2363 1349 2397 dimicandum
1373 2364 1581 2406 decreverit,
1603 2366 1737 2401 deinde

298 2406 337 2439 in
352 2411 579 2450 conspectum
600 2406 757 2441 hostium
770 2409 930 2448 veniens,
955 2420 1014 2442 eos
1036 2415 1073 2442 et
1090 2421 1250 2450 numero,
1266 2414 1302 2446 et
1319 2422 1398 2452 usn,
1423 2416 1461 2444 et
1478 2422 1653 2448 armorum
1671 2425 1735 2457 ap-

296 2456 421 2496 paratu
437 2453 559 2486 multis
582 2454 743 2497 partibus
765 2455 965 2498 superiores
989 2456 1138 2496 viderit,
1171 2460 1208 2489 et
1231 2457 1316 2501 quia
1340 2458 1568 2502 anticipatam
1589 2460 1735 2503 opinio-

297 2509 380 2531 nem
405 2498 568 2532 descrere
586 2511 657 2532 non
679 2501 773 2540 vult,
797 2501 1057 2535 inconsiderate
1077 2513 1117 2534 ac
1137 2507 1270 2535 temere
1293 2503 1403 2548 signis
1425 2505 1534 2537 illatis
1563 2506 1735 2539 conflixe—

298 2545 364 2584 rit,
391 2545 522 2589 ecquid
551 2545 657 2578 talem
688 2547 814 2579 ducem
846 2547 970 2579 insano
996 2560 1120 2593 parum
1150 2549 1323 2582 interesse
1351 2550 1586 2599 negabimus?
1631 2551 1736 2585 Certe

296 2591 516 2635 neutiquam.
565 2592 687 2637 Itaque
714 2597 751 2625 et
780 2597 817 2624 tu
842 2592 932 2626 mihi
949 2589 999 2627 'in
1029 2606 1194 2639 praesens
1221 2595 1494 2630 admirationem
1524 2608 1734 2641 commoves,

296 2635 404 2670 homo
432 2648 452 2669 a
470 2639 624 2682 pueritia
644 2650 756 2684 usque
783 2638 827 2671 ad
850 2639 918 2673 hoe
946 2643 1070 2673 aetatis
1094 2642 1131 2674 in
1152 2641 1282 2675 militia
1313 2646 1349 2674 et
1378 2643 1593 2676 militaribus
1616 2654 1734 2677 versa-

298 2686 356 2718 tus
389 2682 589 2726 laboribus,
623 2685 707 2723 dum
731 2686 901 2727 affirmas,
929 2698 1018 2736 quae
1040 2700 1058 2726 a
1077 2688 1256 2738 principio
1288 2690 1452 2727 statuerit
1478 2690 1667 2741 quispiam,
1688 2691 1734 2731 iis,
