1832 3132
325 96 432 153 350
844 91 1229 147 CANTAcanNi*

123 221 163 257 A.
173 211 211 255 C.
219 211 306 266 1329
318 217 364 257 δὲ
395 206 554 267 εἶχεν*
531 198 552 251 ο
583 203 782 264 ’Ἀγγελος
806 203 1001 260 Ἰωάννης
1044 190 1270 260 ἐξάδελφος
1305 200 1440 260 αὐτῶ,
1482 199 1752 255 βασὶλὶυςῑὸὲ

315 280 454 330 ἐπεῖχε
479 273 524 316 τὸ
553 276 696 328 μέσον.
741 272 815 312 καί
835 270 1119 323 συμβαλόντες
1139 273 1224 318 τοῖς
1240 266 1494 323 βαρβάροις,
1521 257 1751 322 ἐτρέψφῐτό

315 357 357 384 τε
382 338 485 382 κατὰ
513 336 682 393 κράτος,
719 337 827 391 μηδὲ
855 331 1063 387 ἀντισχεῖν
1093 331 1169 387 τήν
1200 330 1367 387 πρώτην
1400 331 1674 386 δυνηθέντας
1664 327 1772 388 «ὁρ-ι
1824 362 1832 397 3

316 404 401 460 μὴν
423 404 496 454 καὶ
519 403 592 454 τὰς
615 400 854 458 δυσχωρίας
887 398 1023 448 πάσας
1056 397 1333 452 ὑπερβάντες,
1373 413 1477 452 αχρι
1501 397 1584 438 τῶν
1608 389 1754 449 ακρων
1825 403 1832 444 ᾗ

317 470 572 520 κατεδίωξαν
598 469 675 509 τοῦ
700 467 858 523 λόφου,
887 463 991 507 ἔνθα
1018 463 1091 504 καί
1121 459 1337 517 Ὀρχοίνης
1362 456 1419 516 ην
1445 458 1585 509 ἑστώς.
1609 458 1782 501 ἔπεσονὸ

317 536 364 577 δὲ
393 532 506 591 παρὰ
532 531 605 589 τὴν
628 530 771 587 μάχην
795 530 977 586 Περσῶν
994 530 1073 581 μὲν
1097 526 1347 582 πεντήκοντα
1364 522 1481 568 fame
1463 523 1646 580 enarer,
1642 521 1757 567 ‘Pm-

314 598 454 653 μαίων
487 599 533 639 δὲ
562 596 728 648 ουδεὶς,
768 591 861 638 ἀλλ’
889 589 984 634 οὔτε
1021 591 1209 649 ἐτρώθη,
1251 604 1348 632 ουτε
1381 588 1636 646 στρατιώτης
1660 604 1758 631 ουτε

317 667 450 713 ἵππος.
489 660 687 719 βασιλεύς
716 662 762 702 δὲ
795 658 1057 715 ἀνεχώρησεν
1094 659 1281 709 ἐκεῖθεν,
1321 652 1369 696 τὸ
1401 655 1642 709 βιάζεσθαι
1655 652 1760 712 πρὸς

317 729 392 772 τόν
427 727 558 785 λόφον
588 743 635 768 ου
638 744 670 781 y
699 724 924 782 ηγούμενος
951 726 1198 775 λυσιτελεῖν,
1227 719 1303 762 καί
1322 717 1428 775 πρὸς
1447 721 1496 762 τό
1515 719 1664 762 πεδίον
1692 720 1763 763 ἐλ-

321 793 434 848 θών,
463 795 649 836 ἐκέλευεν
689 795 860 833 ἕκαστον
894 787 968 845 τὴν
1000 804 1052 843 ην
1086 785 1197 841 εἶχεν
1218 788 1264 836 ἐξ
1296 781 1430 841 οἷρχῆς
1448 785 1569 841 τάξιν
1593 784 1832 841 Quam-1⁷0

202 871 238 905 Ρ.
249 868 318 906 215
329 875 427 902 τειν.
484 874 521 900 οι
543 855 760 913 βαρβαροί
781 871 826 897 τε
861 853 932 896 ἐπι
952 852 1050 902 τούς
1081 851 1299 907 πρόποδας
1324 850 1518 906 ἔστησαν
1524 851 1602 892 τοῦ
1623 863 1761 906 ορους,

313 923 361 967 τό
395 923 627 979 περαιτέρω
651 921 895 976 προβαίνειν
931 914 1011 973 οὐχ
1041 915 1266 972 ἡγούμενοι
1302 920 1567 958 λυσιτελεῖν.
1581 922 1587 930 ”

286 992 314 1025 Β
432 989 480 1040 ζ’.
533 983 744 1042 Βασιλεύς
767 983 851 1027 δὲ
833 986 939 1040 ορῶν
958 998 1056 1032 τους
1083 979 1327 1037 βαρβάρους
1350 976 1489 1022 οὖκέτι
1496 980 1764 1057 ,διανοουμέ-

318 1068 415 1102 νους
441 1053 500 1101 εἷς
528 1056 676 1107 χεῖρας
704 1050 846 1098 αυτοῖς
877 1050 1004 1101 ιε’ναι,
1051 1046 1292 1105 ἐβουλεύετο
1323 1043 1429 1099 μετὰ
1456 1046 1540 1088 τῶν
1571 1045 1634 1088 ἐν
1654 1046 1765 1087 τέλει

320 1140 357 1171 0,
371 1133 413 1160 τι
443 1117 529 1159 δέοι
551 1121 683 1157 ποιεῖν
722 1114 897 1164 αὐτους.
948 1110 1171 1169 παρελθών
1199 1114 1248 1155 δὲ
1284 1108 1306 1153 ὃ
1339 1112 1471 1165 μέγας
1508 1103 1818 1164 &optematis-,15

321 1184 558 1238 ἐβουλεύετο
584 1180 743 1223 τοιάδε·
781 1178 862 1233 ,,τά
883 1180 962 1233 μὲν
984 1194 1211 1235 πραγματα
1241 1175 1340 1256 ημῖν
1365 1194 1391 1234 η
1417 1176 1544 1218 αυτοί
1571 1191 1618 1218 τε
1634 1177 1766 1230 ἐβου-

323 1249 563 1301 λευσάμεθα
595 1248 638 1296 ἐξ
675 1246 805 1301 ἀρχῆς
821 1279 834 1298 ,
872 1261 942 1286 και
964 1242 1068 1299 πρὸς
1091 1243 1222 1298 πέρας
1244 1242 1452 1298 ἐχώρησεν
1470 1240 1658 1296 ἀγαθόν.
1684 1257 1767 1282 πα-

325 1312 586 1370 ρεταξάμεθά
617 1327 662 1353 τε
698 1309 778 1366 γὰρ
815 1310 936 1351 αυτοι
970 1307 1160 1357 ἐλθόντες
1186 1324 1245 1356 ως
1282 1306 1388 1363 πρὸς
1415 1304 1557 1362 μάχην
1597 1306 1767 1362 πρῶτοι,

327 1378 384 1428 ὥς
408 1374 459 1419 ἂν
483 1375 541 1431 μὴ
565 1378 781 1431 δοκοίημεν
807 1376 865 1416 τῶ
888 1375 974 1416 δέει
997 1374 1081 1415 τῶν
1102 1371 1329 1429 βαρβάρων
1358 1367 1613 1427 ἀναχωρεῖν,
1655 1370 1700 1412 οἳ
1721 1384 1768 1411 τε

326 1445 515 1496 πολέμιοι
537 1443 727 1498 φανερῶς
745 1441 824 1493 μὲν
842 1417 1144 1490 ἀντιτάξασθαι
1167 1454 1243 1480 ουκ
1259 1435 1491 1493 ετόλμησαν
1513 1434 1626 1491 ἡμῖν,
1651 1451 1822 1491 μαρ-ἰιο

328 1507 578 1564 τυρήσαντες
607 1507 816 1562 ἐναργῶς,
867 1503 924 1554 ὦς
960 1505 1037 1546 ουκ
1071 1504 1324 1558 ἀξιομάχους
1363 1501 1541 1551 εαυτούς
1568 1499 1767 1554 ἐνόμισαν

330 1574 457 1629 ἡμῖν,
490 1568 627 1613 οὐκέτι
654 1572 701 1612 δὲ
729 1571 955 1623 ἀπέσχοντο
981 1583 1056 1611 του
1078 1567 1136 1624 μὴ
1163 1585 1231 1610 και
1261 1573 1410 1623 πεῖραν
1429 1569 1572 1620 λαβεῖν
1596 1564 1772 1618 συμπά-

302 1651 412 1693 (ζσης
431 1639 505 1692 τῆς
530 1634 745 1688 δυνάμεως
766 1635 919 1676 αυτιόν.
945 1634 985 1675 εἰ
1008 1633 1085 1690 γὰρ
1111 1633 1171 1688 μὴ
1199 1635 1272 1675 καὶ
1298 1629 1513 1688 Ὀρχάνης
1537 1628 1667 1680 αυτὸς
1691 1645 1773 1672 πα·-

333 1704 519 1757 ρεγένετο
555 1699 660 1757 πρὸς
691 1715 767 1755 την
799 1715 941 1754 μαχην
967 1695 1078 1748 ὅπως
1105 1696 1198 1740 τινὰ
1213 1696 1318 1753 ημῖν
1349 1697 1414 1740 ἔτι
1439 1695 1679 1738 υπολίποιτο
1705 1696 1774 1738 ἑλ-

333 1823 470 1856 honum
495 1820 629 1854 habere
654 1821 814 1853 animum
838 1819 960 1853 iubet:
992 1830 1074 1853 cum
1109 1819 1225 1852 tribus
1249 1804 1376 1856 turmis
1399 1821 1594 1864 pugnatum
1626 1816 1769 1862 prodit,

334 1869 536 1913 dextroque
561 1878 674 1900 cornu
699 1877 825 1911 magno
853 1866 1073 1906 domestico,
1098 1866 1247 1901 sinistio
1270 1865 1398 1898 Ioanni
1424 1865 1559 1919 Angelo
1585 1864 1664 1898 eius
1685 1875 1772 1899 eon-

338 1915 486 1948 sobriuo
513 1913 725 1953 commisso,
750 1914 829 1965 ipse
848 1912 1007 1946 medium
1034 1916 1145 1945 tenet.
1194 1911 1344 1946 Collatia
1367 1910 1500 1956 signis,
1531 1909 1676 1945 barbari
1702 1921 1772 1944 neo

337 1961 493 2005 primum
519 1961 694 2003 impetum
721 1959 961 1998 sustinentes,
986 1957 1022 1990 vi
1044 1969 1084 1991 ac
1106 1959 1240 1992 virtute
1263 1958 1301 1990 in
1324 1957 1442 2001 fugam
1458 1961 1657 1996 vertuntur,
1682 1967 1772 2002 quos

338 2008 491 2039 Romani
514 2016 579 2050 per
612 2005 710 2038 invia
736 2015 898 2050 quaeque
926 2014 1040 2049 usque
1067 2003 1114 2037 ad
1138 2006 1308 2038 verticem
1333 2004 1456 2044 collis,
1491 2002 1575 2039 ubi
1590 2001 1773 2037 Orchanes

340 2052 486 2090 stabat
511 2051 665 2084 insecuti
691 2057 783 2084 sunt.
809 2051 850 2083 In
874 2061 916 2083 eo
945 2050 1116 2083 conflictu
1140 2051 1322 2084 Persarum
1346 2055 1493 2083 centum
1510 2048 1773 2095 quinquaginta

343 2098 483 2137 caesis,
511 2108 531 2130 e
558 2097 724 2130 Romanis
748 2107 814 2130 neo
848 2097 952 2130 miles
987 2107 1055 2129 nee
1081 2107 1194 2143 equus
1217 2098 1423 2130 vulneratus
1450 2101 1515 2130 est.
1576 2095 1776 2140 [inperator

344 2143 431 2176 inde
457 2154 493 2176 se
518 2143 675 2197 recepit3
699 2154 782 2176 eum
805 2142 850 2176 ad
875 2143 1005 2176 collem
1030 2143 1280 2187 occupandum
1312 2143 1403 2176 eniti
1442 2153 1517 2179 non
1542 2141 1776 2176 arbitraretur

347 2189 569 2231 conducere,
600 2194 637 2222 et
657 2189 697 2222 iu
722 2200 884 2242 campum
909 2190 1056 2222 veniens
1083 2189 1216 2230 edixit,
1249 2194 1290 2221 ut
1314 2189 1467 2242 quisque
1491 2193 1648 2224 servaret
1674 2185 1774 2222 ordi-

339 2246 426 2268 :nem
449 2245 565 2275 suum,
591 2245 698 2288 que-m
722 2235 767 2268 ab
795 2235 901 2268 initio
927 2235 1154 2268 obtinuisset.
1202 2234 1350 2268 Barbari
1373 2234 1413 2267 in
1435 2233 1676 2279 prominentia
1711 2243 1775 2266 seu

342 2279 529 2325 crepidine
554 2281 686 2313 montis
712 2286 871 2321 stantes,
895 2281 1042 2325 prodire
1069 2281 1220 2314 ulterius
1253 2280 1350 2314 haud
1375 2284 1496 2316 tutum
1521 2278 1775 2325 opinabantur.

434 2337 466 2370 7.
514 2326 812 2368 Desperationem
835 2327 1067 2360 barbarorum
1094 2327 1300 2371 intelligens
1314 2327 1520 2370 imperator,
1544 2325 1591 2360 ad
1609 2334 1776 2369 proceres

341 2371 432 2417 quid
455 2371 656 2404 faciendum
679 2378 771 2405 esset
793 2374 927 2406 retulit.
977 2374 1208 2418 Progressus
1199 2384 1238 2406 ιιι
1261 2371 1418 2405 medium
1433 2383 1579 2417 magnus
1600 2370 1776 2405 domesti-

341 2429 402 2451 cus
441 2418 492 2451 ita
526 2418 718 2451 disseruit:
755 2421 819 2451 Res
853 2420 982 2460 nobis,
1025 2420 1118 2452 sicut
1151 2419 1197 2453 ab
1218 2418 1325 2452 initio
1346 2419 1442 2451 inter
1462 2429 1527 2451 nos
1553 2417 1776 2462 optabamus,

343 2465 444 2497 exitu
468 2464 567 2496 felici
591 2465 802 2498 terminatae
822 2471 914 2498 sunt.
964 2466 1049 2499 Acie
1069 2466 1165 2498 enim
1185 2465 1369 2504 instructa,
1389 2464 1527 2508 priores
1546 2469 1594 2497 ut
1605 2462 1651 2497 ad
1672 2473 1778 2507 proe-

340 2510 432 2543 lium
453 2510 678 2553 prodiimus,
702 2522 748 2543 nc
766 2516 863 2545 metu
883 2511 1116 2544 barbarorum
1138 2511 1305 2546 recedere
1324 2509 1545 2544 videremur.
1571 2509 1634 2555 qui
1653 2513 1776 2552 aperte

340 2557 459 2589 aciem
485 2560 608 2590 eontra
641 2555 794 2600 dirigere
826 2569 899 2590 non
929 2564 1012 2591 sunt
1037 2558 1134 2598 ausi,
1160 2569 1230 2602 quo
1249 2567 1287 2589 se
1309 2555 1414 2589 nobis
1433 2555 1558 2591 cedere
1583 2554 1776 2589 manifeste

343 2601 566 2637 docuerunt.
592 2613 665 2634 non
688 2607 808 2636 tamen
831 2604 1066 2647 quieverunt,
1092 2604 1182 2649 quin
1202 2608 1294 2636 totas
1316 2602 1436 2646 copias
1458 2613 1538 2635 suas
1567 2601 1775 2646 experiren-

343 2653 412 2681 tur.
460 2647 505 2684 Et
530 2648 689 2693 quamvis
726 2648 904 2684 Orehanes
934 2651 1010 2694 ipse
1038 2650 1176 2695 proelio
1204 2660 1278 2684 non
1298 2649 1525 2692 interfuerit,
1551 2653 1591 2682 ut
1610 2648 1775 2686 timorem
