1852 3146
545 80 926 151 HISTOMARUM
966 85 999 126 ι.
1039 89 1108 132 tu.
1456 62 1569 120 203

67 175 71 234 s
111 184 599 242 τετόγμὲνοςτραπέζης·
654 183 679 227 ὃ
703 185 836 239 μέγας
875 186 923 228 δὲ
962 187 1203 240 ’δομέστικος
1242 186 1289 230 ἐν
1326 186 1385 244 τῷ
1413 183 1571 242 προσή-
1584 186 1770 227 &cazas

64 263 79 284 '-
112 266 230 295 κοντι
254 245 370 309 τόπῳ
395 254 485 301 τοῖς
513 244 656 300 ἄλλοις
683 252 1032 300 συνανακέκλιται
1055 255 1354 308 συγκλητικοῖς.
1380 246 1498 304 ἄξιον
1526 251 1575 293 δὲ

111 318 191 359 καί
213 311 239 360 ὃ
261 315 548 373 παρελίπομεν
572 318 646 372 τῆς
673 318 843 373 τελετῆς
870 316 1027 373 ταύτης
1052 317 1382 374 ἐπιμνησθῆναι.
1416 317 1468 374 τῇ
1493 312 1575 372 γὰρ

111 380 276 442 ἡμέρᾳ,
313 383 414 435 καθ’
443 377 501 438 ἣν
529 381 552 424 ὅ
580 381 780 438 βασιλεὺς
806 381 1002 439 χρισθεὶς
1027 379 1158 432 ἔξεισι
1183 384 1260 425 τοῦ
1296 384 1420 437 ναοῦ,
1458 381 1614 438 παράΰ

41 443 65 498 4³?
86 445 228 498 ὅτινας
253 447 339 490 τῶν
367 450 670 504 συγκλητικῶν,
700 444 748 490 ὃν
774 444 830 491 ἂν
853 446 882 490 -6
911 445 1110 503 βασιλεύς
1137 448 1279 506 ἐθέλῃ,
1307 449 1367 499 εἰς
1394 446 1468 491 τὸν
1498 448 1575 503 δῆ-

111 513 196 568 μον
221 509 445 571 ρ’ίπτονται
471 509 501 555 ἃ
528 516 722 569 λέγουσιν
748 512 991 568 ἐπικόμβια.
1030 512 1212 556 δύναται
1240 515 1288 557 δὲ
1315 516 1438 557 τοῦτο
1467 510 1575 556 ἆπο-

38 596 64 636 2
96 579 298 633 ·δὲσμους
322 576 439 630 τινας
477 575 587 622 εἶναι
613 581 660 624 ἐν
688 579 870 622 ὄθονίων
896 578 1088 636 τμήμασι
1125 581 1402 634 δεδεμένους,
1455 579 1574 624 ἔνδον

34 632 80 842 ἔ.
112 641 284 700 ἔχοντας
309 643 550 699 νομίσματα
589 647 736 703 χρυσᾶ
769 646 854 688 τῶν
880 645 1112 700 βασιλικῶν
1139 646 1246 702 ’τρία
1275 644 1349 688 καί
1374 647 1419 696 ἐξ
1444 643 1576 702 ἀργύ-

62 710 64 715 ’
112 726 191 768 ρου
217 712 408 754 τοσαῦτα
444 707 474 768 ἢ
502 710 577 754 καὶ
611 713 765 766 πλείω,
803 710 878 755 καὶ
911 710 1090 767 ὄβολούς
1120 707 1204 754 ἇπὸ
1237 710 1401 767 χαλκόὖ
1430 710 1578 756 τοσού-

84 792 225 829 οτους.
268 775 488 836 ῥίπτονται
516 778 565 821 δὲ
603 776 838 833 οἷπόδεσμοι
871 779 1055 822 τοιοῦτοι
1091 776 1302 834 χιλιάδων
1340 776 1512 821 ἔλαττον
1546 772 1576 834 ἢ

41 836 55 889 fs
109 849 278 887 πλεῖον·
299 845 402 888 δέκα
441 847 489 889 ἐν
512 850 600 897 τοῖς
635 844 883 902 προαυλίοις
909 843 1096 899 μάλιστα
1134 847 1215 887 τοῦ
1252 846 1370 889 ναοῦ.
1414 842 1499 887 ύπό
1529 845 1578 887 δὲ

43 935 55 960 ·.
110 907 190 966 τὴν
217 908 352 967 αὐτὴν
391 909 558 968 ἡμέραν
595 911 643 955 ἐν
678 916 783 962 τοῖς.
804 911 1036 966 βασιλείοις
1061 912 1142 953 τοῦ
1179 911 1312 967 δήμου
1343 914 1574 968 συνηθροι-
1660 937 1662 939 »

31 1006 45 1033 ¹-
107 973 268 1030 σμένον
295 974 463 1032 παντὸς,
490 975 611 1034 παρὰ
637 978 715 1023 τοῦ
743 970 877 1019 αὗτοῦ
905 974 1034 1020 πάλιν
1061 978 1339 1034 συγκλητικοῦ
1361 978 1446 1021 τῶν
1461 973 1618 1034 προ-Ὺ.
1635 991 1695 1016 ιοι

35 1060 50 1092 «ξ
109 1043 248 1098 τέρων
271 1040 358 1086 ἴσοι
381 1038 412 1100 ἢ
436 1044 511 1086 καί
535 1043 706 1094 πλείους
734 1042 945 1100 ῥίπτονται
972 1042 1217 1098 οἷπόδεσμοι.
1260 1045 1322 1094 εἷς
1348 1043 1425 1100 τὴν
1451 1043 1577 1086 ὕστε-

29 1106 243 1171 ,ᾗῑδραίαν
269 1108 318 1152 δὲ
344 1111 428 1152 τῶν
455 1109 690 1166 δημοτικῶν
715 1111 796 1164 μὲν
823 1109 1017 1167 πάρεισιν
1047 1109 1227 1159 ούδένες·
1262 1111 1339 1153 τοῦ
1365 1126 1574 1167 στρατιω-

33 1171 57 1228 f]
89 1174 234 1222 ,τικοῦ
268 1175 318 1218 δὲ
342 1176 418 1219 καί
442 1178 523 1218 τοῦ
556 1177 657 1233 περὶ
686 1173 763 1233 τήν
795 1174 1019 1232 βασιλικὴν
1045 1174 1280 1232 ὑπηρεσίαν
1315 1177 1614 1231 τεταγμένουΙ)

110 1234 320 1298 παρόντος
344 1239 528 1296 παντὸς,
557 1242 605 1286 ἒν
631 1247 727 1293 ταῖς
752 1243 836 1286 τῶν
862 1241 1092 1297 βασιλείων
1119 1241 1272 1293 αὐλαῖς
1299 1240 1573 1300 ἐξερχόμενος

110 1301 145 1362 ὅ,
161 1304 391 1362 βασιλεύς,
433 1307 513 1349 τοῦ
539 1309 625 1351 τῶν
644 1309 879 1364 βασιλικῶν
907 1310 1066 1362 ταμίου
1092 1309 1374 1365 παρεστῶτος,
1401 1305 1575 1365 χρημά-

110 1383 198 1415 των
224 1374 300 1416 καί
322 1371 397 1432 τὴν
421 1367 561 1432 ’ἄκραν
586 1376 661 1432 τῆς
691 1376 869 1430 ἐσθῆτος
905 1375 1045 1431 πλήρη
1074 1376 1275 1431 φέροντος
1303 1373 1574 1429 νομισμάτων

22 1479 29 1490 ,
52 1431 297 1496 ’ςὀχρυσῶν,
312 1438 361 1482 ἐκ
384 1440 468 1483 τῶν
492 1442 736 1495 βασιλικῶν,
762 1438 1047 1497 δραττόμενος
1064 1440 1087 1482 ὅ
1105 1439 1306 1496 βασιλεὺς
1322 1439 1460 1498 κύκλῳ
1479 1441 1573 1482 δια-

36 1497 43 1518 ⁴
110 1503 320 1565 σκεδάζει.
356 1508 623 1550 κενωθέντων
651 1508 726 1562 δὲ,
766 1506 788 1550 ὅ
816 1508 974 1561 ταμίας
1012 1501 1142 1558 αὖθις
1169 1505 1247 1563 τὴν
1274 1508 1439 1563 ἐσθῆτα
1467 1507 1574 1549 ἅνα-

114 1575 284 1630 πληροῖ·
314 1565 395 1615 ’καὶ
421 1575 546 1616 τοῦτο
581 1574 746 1630 γίνεται
770 1569 823 1616 ού
844 1573 936 1630 τρῖς
961 1573 1036 1615 καί
1058 1574 1251 1630 τετράκις
1270 1574 1422 1627 μόνον,
1462 1569 1572 1615 ἀλλὰ

112 1636 190 1680 καί
216 1637 451 1690 πλεονάκις.
492 1636 630 1683 αἴτιον
651 1641 699 1684 δὲ
719 1642 793 1697 τῆς
819 1638 1019 1696 τοιαύτης
1048 1638 1279 1689 διαδόσεως
1300 1641 1378 1682 τοῦ
1407 1640 1574 1695 χρυσοῦ

116 1701 166 1746 τὸ
188 1701 347 1756 πάντας
367 1701 599 1760 βούλεσθαι
627 1705 704 1749 τὸν
731 1706 910 1761 βασιλέα
942 1707 989 1749 ἐκ
1014 1705 1099 1747 τῶν
1134 1704 1270 1748 αὖτοῦ
1295 1706 1575 1754 δαπανῶντας

62 1765 236 1829 αόαὖτῷ
257 1769 650 1831 συνευφραίνεσθαι
681 1774 756 1815 καὶ
785 1772 1184 1828 συμπανηγυρίζειν.
1229 1770 1408 1827 τοιαύτη
1439 1771 1520 1825 μὲν
1544 1771 1573 1826 ἦ

110 1883 296 1932 praefecto
315 1886 436 1932 regiae
457 1897 604 1921 mensae
629 1886 874 1929 ministrante,
898 1886 1211 1921 accumbentibus.
1257 1885 1410 1933 Magnus
1444 1884 1575 1920 dome-

111 1934 224 1967 sticus
246 1932 369 1966 locum
391 1933 466 1968 sibi
497 1934 777 1968 convenientem
800 1932 943 1976 tenens,¹
970 1946 1052 1968 cum
1076 1933 1209 1968 iisdem
1235 1934 1307 1967 init
1331 1932 1467 1979 epulas.
1501 1932 1575 1966 Sed

111 1978 351 2018 memorabile
374 1979 493 2015 est‘in
515 1980 583 2015 hac
610 1981 809 2015 cerimonia
834 1981 935 2027 quod
964 1982 1162 2015 omisimus.
1211 1981 1295 2023 Die,
1319 1991 1392 2027 quo
1416 1980 1575 2024 impera—

111 2031 173 2061 tor
195 2031 325 2060 unctus
349 2038 371 2062 e
394 2027 534 2073 templo
559 2029 647 2069 exit,
672 2027 718 2061 ab
742 2028 867 2074 aliquo
902 2029 980 2063 eius
1005 2028 1256 2074 optimatium,
1297 2038 1406 2075 quem
1431 2025 1478 2061 ad
1502 2025 1574 2060 hoc

113 2073 313 2119 delegerit,·
329 2073 370 2108 in
393 2075 571 2120 populum
599 2074 783 2109 iaciuntur
807 2086 901 2122 quae
923 2081 1054 2110 vocant
1077 2075 1292 2121 epicombia.
1339 2075 1433 2108 Sunt
1450 2079 1572 2108 autem

112 2120 298 2162 fasciculi,
331 2123 525 2168 segmentis
551 2123 679 2156 linteis
710 2122 850 2168 illigata
884 2122 1060 2157 habentes
1103 2123 1323 2156 numismata
1361 2131 1472 2156 aurea
1501 2121 1572 2154 im-

112 2168 298 2215 peratoria
322 2169 407 2211 tria,
433 2169 589 2203 totidem
613 2175 784 2215 argentea
806 2173 871 2202 aut
893 2171 1008 2215 plura,
1033 2174 1071 2203 et
1098 2169 1226 2204 obolos
1250 2179 1376 2203 aereos
1401 2166 1571 2204 totidem.

114 2215 339 2260 Spar-guntur
372 2214 582 2250 huiusmodi
618 2216 784 2251 fasciculi
821 2217 966 2250 circiter
999 2215 1119 2251 decies
1146 2217 1270 2256 mille,
1313 2215 1354 2248 in
1385 2214 1570 2248 vestibulo

111 2262 247 2307 templi*
265 2264 471 2310 praecipue.
518 2263 594 2298 Sub
618 2264 738 2309 ipsum
756 2272 841 2298 vero
867 2263 964 2298 diem
988 2264 1029 2298 in
1051 2264 1190 2308 palatio
1213 2263 1352 2309 populo
1376 2266 1455 2295 toto
1478 2273 1572 2295 con-

156 2312 280 2354 egam,
319 2309 366 2343 ab
391 2309 521 2344 eodem
549 2322 595 2345 ex
623 2310 861 2356 optimatibus
887 2316 943 2346 tot
965 2311 1132 2356 pluresve
1172 2311 1357 2344 iaciuntur
1391 2309 1570 2343 fasciculi.

112 2320 262 2390 {butero
289 2354 351 2390 die
380 2356 426 2390 de
449 2358 588 2402 populo
614 2357 717 2391 adest
740 2368 847 2392 nemo
863 2382 872 2398 ‚
902 2357 1006 2392 adest
1031 2364 1154 2392 autem
1180 2354 1447 2405 quidquid‘est
1469 2356 1571 2389 mili-

113 2407 199 2437 tum·
229 2406 267 2436 et
296 2404 547 2439 ministrorum
578 2406 789 2438 aulicorum.
838 2405 933 2439 Tum
956 2405 995 2439 in
1020 2406 1156 2439 atrium
1177 2404 1307 2450 palatii
1333 2402 1571 2443 descendens,

113 2452 257 2484 astante
281 2457 475 2495 quaestore
499 2462 565 2486 suo
591 2458 811 2498 gerenteque
836 2452 1009 2486 laciniam
1033 2452 1144 2487 vestis
1165 2452 1310 2497 plenam
1335 2450 1570 2494 imperatoria

114 2497 271 2543 pecnnia
295 2508 410 2544 eaque
436 2509 558 2540 aurea,
583 2510 692 2533 manu
712 2499 822 2544 plena
847 2510 1005 2541 sumens,
1031 2499 1071 2532 in
1097 2499 1223 2533 orbem
1249 2497 1434 2543 dispergit.
1485 2495 1571 2541 Qua

114 2547 194 2577 tota
216 2542 403 2597 dispersa,-
439 2550 586 2580 uaestor
609 2546 780 2580 laciniam
799 2546 933 2579 iterum
948 2551 986 2580 et
1006 2547 1158 2580 tertium
1182 2550 1220 2579 et
1238 2550 1406 2592 quartum
1431 2548 1469 2577 et
1487 2554 1570 2576 sae-

113 2590 198 2635 pius
222 2589 360 2636 implet.
440 2604 525 2627 ausa
549 2593 658 2628 huius
682 2592 952 2627 distributionis
978 2594 1057 2626 auri
1081 2592 1171 2627 haec
1195 2597 1262 2634 est,
1287 2590 1386 2638 quod
1410 2591 1570 2636 impera-

114 2642 176 2670 tor
205 2636 252 2671 dc
283 2649 348 2685 suo
383 2645 566 2685 sumptum
594 2640 755 2680 faciens,
793 2651 918 2673 omnes
954 2651 1076 2674 secum
1099 2641 1227 2674 laetari
1263 2648 1409 2683 unaque
1436 2637 1570 2672 festum

114 2682 213 2720 diem
235 2684 420 2722 celebrare
441 2687 554 2735 cupit.
613 2687 714 2723 Ritus
740 2688 851 2734 igitur
884 2687 923 2724 in
948 2687 1184 2726 coronatione
1210 2688 1467 2732 imperatorum
1493 2694 1569 2720 scr-
