1852 3146
304 87 426 126 Δἀοο
833 81 1216 126 CANTACUZENI

115 197 207 233 ΑΛ.
221 198 307 235 1325
317 187 482 230 εἰσόδου
509 183 582 227 ἐπὶ
597 184 671 239 τῆς
693 182 1129 239 ἷερᾶςμυσταγωγίας
1148 184 1369 240 λεγομένης
1398 177 1480 240 ἤδη
1505 182 1752 242 ἀρχομένης,

266 265 300 300 D
313 251 352 294 οἱ
377 252 454 306 τῆς
477 250 696 304 ἐκκλησίας
715 249 1030 305 ἐπιφανέστεροι
1049 250 1133 291 τῶν
1159 248 1362 292 διακόνων
1382 248 1599 305 ἐρχόμενοι
1620 265 1751 307 προσ-

307 317 531 358 καλοῦνται
553 311 624 355 τὸν
657 315 847 367 βασιλέα·
869 313 891 354 ὅ
917 314 964 356 δὲ
982 314 1042 363 εἰς
1068 311 1141 368 τὴν
1163 312 1383 369 λεγομένην
1405 312 1620 370 πρόθεσιν,
1644 311 1752 357 ἔνθα

306 378 361 422 τά
404 376 503 433 ἅγια
537 384 696 432 κεῖται,
737 377 906 434 ἔρχεται
932 379 1022 432 μετ’
1045 375 1205 420 αὐτῶν.
1242 376 1322 429 ἔξω
1352 380 1399 420 δὲ
1431 378 1649 433 ἱστάμενος
1676 380 1751 435 τῆς

305 445 570 500 προθέσεως,
608 444 901 500 περιβάλλεται
934 442 1127 497 μανδόαν
1152 446 1341 499 χρυσοῦν
1371 443 1444 486 ἐπὶ
1476 443 1524 486 τὸ
1561 443 1774 500 διάδημα5

304 510 379 551 καί
410 507 487 564 τήν
509 507 750 565 πορφύραν.
777 511 852 551 καί
877 511 929 565 τῇ
966 511 1046 562 μὲν
1074 510 1186 565 δεξιᾷ
1214 507 1335 565 χειρὶ
1361 509 1528 564 κατέχει
1553 507 1749 565 σταυρόν,

301 572 352 616 ὃν
389 572 487 623 ἔθος
522 574 715 628 κατέχειν
746 570 843 617 ὅσον
866 570 919 617 ἂν
940 574 1092 630 χρόνον
1113 572 1160 616 τὸ
1188 572 1353 627 στέμμα
1369 575 1495 631 φορῇ,
1517 573 1566 631 τῇ
1588 576 1635 617 δὲ
1648 574 1763 632 λαιιξιΓ

303 638 498 695 νάρθηκα
523 641 721 696 φέροντες
760 638 1064 694 ἐγχειρίζουσιν
1077 673 1090 692 ,
1130 635 1239 680 α’)’στε
1269 636 1387 689 τάξιν
1410 637 1749 694 ἕκκλησιαοτικὴν

305 702 383 758 τὴν
425 705 503 746 τοῦ
537 703 764 746 δεποτάτου
798 705 1021 758 λεγομένου
1054 704 1232 757 ἐπέχειν·
1277 701 1312 745 οἳ
1337 699 1598 760 ἀμφοτέραις
1623 701 1749 757 ἔχων,

280 769 379 824 >’τῆς
403 767 566 811 εἰσόδου
590 767 726 824 πάσης
755 768 918 824 ἧγεῖται
947 771 1021 823 τῆς
1057 768 1187 825 ἱεροῖς.
1218 770 1262 820 ἐξ
1290 765 1497 825 ἑκατέρων
1530 769 1577 811 δὲ
1614 765 1802 812 airoino

301 837 445 890 μερῶν
464 832 567 876 κατὰ
589 832 641 875 τοὶ
666 834 822 889 πλάγια
855 835 898 876 οἳ
922 849 966 875 τε
993 831 1091 883 τοὺς
1124 835 1306 883 πελέκεις
1345 831 1507 888 ἔχοντες
1533 830 1750 890 Βάραγγοι

186 902 301 946 PAQI!
312 899 731 955 προσαγορευόμενοι,
757 897 830 940 καὶ
848 900 934 941 νέοι
953 899 1035 940 τῶν
1054 895 1317 954 εὔπατριδῶν
1337 899 1436 954 περὶ
1449 894 1596 940 ἑκατὸν
1617 897 1750 940 ὥπλι-

304 963 450 1018 σμένοι
477 964 713 1020 διαπρεπῶς
737 964 993 1019 παρέπονται
1020 958 1048 1018 ἢ
1073 965 1144 1005 καί
1165 959 1351 1005 ἄνοπλοι·
1384 965 1474 1005 κατ’
1497 959 1673 1006 εὖθεΐαν
1699 964 1748 1005 δὲ

307 1031 398 1081 μετ’
419 1027 547 1070 αὐτὸν
569 1029 613 1069 οἳ
633 1043 679 1069 τε
702 1026 888 1070 διάκονοι
911 1029 1060 1084 ἐφεξῆς
1086 1030 1259 1070 ἕπονται
1285 1027 1358 1070 καί
1368 1026 1413 1070 οἱ
1434 1026 1570 1084 ἱερεῖς,
1596 1024 1749 1070 ἔπιπλά

302 1108 350 1135 τε
376 1091 449 1134 καὶ
466 1090 592 1148 σκεύη
618 1094 700 1135 τῶν
722 1093 845 1148 ἱερῶν
871 1092 944 1134 καί
975 1089 1082 1134 αὕτα
1109 1091 1163 1134 τὰ
1192 1091 1407 1147 ἁγιώτατα
1436 1091 1798 1149 ἐπιφερόμενοι.ιό
1838 1148 1843 1151 -

309 1155 384 1200 τὸν
406 1159 455 1199 δὲ
476 1155 578 1199 ναόν
601 1156 887 1213 περιελθόντες
911 1156 1015 1198 κατὰ
1035 1157 1080 1199 τὸ
1107 1156 1218 1211 ἔθος,
1238 1156 1405 1200 ἐπειδὰν
1424 1157 1606 1213 γένοιντο
1626 1157 1672 1199 ἐν
1690 1159 1750 1216 τῷ

303 1221 466 1278 σωλέᾳ,
505 1220 546 1263 οἱ
571 1223 651 1275 μὲν
679 1217 800 1264 ἄλλοι
834 1220 984 1271 πάντες
1010 1219 1176 1264 ἑστᾶσιν
1207 1220 1340 1275 ἐκτός,
1387 1219 1513 1273 αὖτός
1549 1223 1597 1265 δὲ
1620 1221 1749 1275 μόνος

307 1285 598 1342 εἴσερχόμενος
645 1285 718 1330 τὸν
749 1289 934 1339 σωλέαν,
980 1285 1051 1329 τὸν
1085 1287 1350 1343 πατριάρχην
1388 1287 1460 1329 ἐπὶ
1490 1292 1583 1336 ταῖς
1611 1285 1748 1343 ἱεραῖς

302 1351 505 1406 κιγκλίσιν
541 1349 743 1408 ἑστηκότα
779 1352 974 1408 εὑρίσκει.
1002 1350 1413 1408 προσαγορεύσαντες
1446 1353 1493 1394 δὲ
1525 1351 1746 1407 ἀλλήλους,

303 1415 328 1458 ὅ
360 1416 626 1473 πατριάρχης
644 1419 722 1470 μὲν
753 1417 963 1471 ἐσωτέρω,
1001 1415 1080 1467 ἔξω
1109 1419 1150 1458 δ’
1174 1416 1195 1459 ὃ
1225 1414 1424 1471 βασιλεὺς
1453 1417 1800 1474 περιμένουσινπό

302 1479 489 1529 ἑστῶτες·
522 1479 658 1531 εὐθὺς
690 1482 736 1523 δὲ
764 1478 786 1522 ὅ
809 1479 917 1534 ’μετὰ
942 1478 1016 1523 τόν
1043 1483 1220 1535 βασιλέα
1252 1482 1335 1524 τῶν
1358 1476 1497 1523 ἄλλων
1521 1478 1745 1536 ἡγούμενος
1833 1480 1836 1481 ’

266 1544 533 1600 Βδιακόνων,
572 1547 623 1603 τῇ
649 1547 764 1604 δεξιᾷ
793 1548 872 1599 μὲν
905 1547 1090 1600 κατέχων
1125 1544 1361 1600 θυμιατὸν,
1398 1546 1450 1604 τῇ
1483 1547 1525 1588 δ’
1547 1542 1667 1604 ἑτέρα
1700 1542 1746 1587 τὸ

396 1656 432 1690 9.
454 1644 508 1678 Al.
530 1643 738 1679 διποτοέτου
765 1651 802 1680 et
828 1643 1072 1679 δαιποτάτου.
1115 1644 1195 1680 ED.
1209 1643 1249 1680 P.
1295 1645 1376 1679 vid.
1402 1645 1561 1691 Ducang.
1587 1644 1742 1679 Glossar.

397 1693 520 1727 (a'rraecv
541 1695 669 1736 p.208.
747 1704 820 1726 111.
846 1693 1015 1738 Bar-angi
1043 1690 1177 1724 milites
1213 1692 1434 1736 praetoriani
1462 1703 1506 1726 ex
1524 1692 1676 1737 Anglia‚
1703 1697 1745 1724 ut

394 1742 497 1781 patet
522 1747 566 1770 ex
589 1738 683 1771 libro
715 1737 760 1771 de
787 1739 890 1771 aulae
924 1738 986 1771 CP.
1009 1738 1149 1770 officiis.
1174 1739 1253 1772 ED.
1279 1738 1317 1772 P.
1374 1737 1460 1781 vid„
1492 1737 1655 1771 Reiskius
1691 1736 1739 1779 ad

350 1800 354 1809 ·
394 1783 579 1816 Constant.
614 1784 741 1829 Porph.
764 1795 801 1829 p.
830 1785 904 1829 149.
935 1795 990 1829 sq.
1095 1795 1146 1828 19.
1184 1785 1382 1828 κιγκλίσιν
1413 1795 1494 1822 em.v
1517 1784 1592 1818 ED.
1615 1784 1651 1818 P.
1675 1795 1743 1830 pro

392 1829 608 1873 κυγκλίσιν.
632 1831 790 1875 Ducang.
819 1830 884 1866 CP.
906 1829 1036 1864 Christ.
1061 1828 1102 1863 L.
1133 1831 1194 1863 III.
1215 1841 1250 1876 p.
1273 1832 1329 1865 62.

302 1912 385 1949 tur,
435 1918 508 1953 qua
539 1907 643 1953 panis
678 1912 716 1940 et
748 1907 871 1940 vinum
893 1908 1132 1942 consecranda
1171 1908 1230 1941 ad·
1256 1909 1366 1943 altare
1406 1908 1638 1951 deferuntur,
1669 1907 1741 1944 ho«-

303 1954 504 1988 noratiores
537 1954 709 1987 ecclesiae
737 1953 879 1986 diaconi
910 1955 1145 1996 accedentes,
1183 1955 1435 2000 imperatorem
1454 1961 1604 1996 vocant,
1641 1960 1680 1989 et
1706 1957 1739 1989 is

304 2011 386 2034 cum
419 2000 495 2033 illis
526 2000 571 2032 ad
600 2001 742 2040 locum,
782 2011 874 2044 quae
904 2001 1083 2045 prothesis
1117 2001 1269 2043 dicitur,
1304 2002 1370 2035 ubi
1392 2013 1448 2035 res
1480 2001 1526 2036 ad
1556 2013 1654 2035 sacra
1679 2001 1742 2034 ⁴fa·-

306 2045 435 2079 cienda
458 2047 676 2079 necessariae
702 2050 786 2078 sunt
804 2045 964 2089 positae,
1001 2047 1152 2081 accedit.
1217 2048 1322 2081 Stans
1351 2053 1472 2081 autem
1498 2047 1614 2082 adhuc
1630 2047 1739 2089 foris,

303 2092 457 2137 pallium
494 2091 636 2124 circulis
669 2092 787 2124 aureis
823 2091 1006 2137 depictum
1041 2105 1150 2138 supra
1181 2094 1347 2128 diadema
1385 2100 1422 2128 et
1453 2105 1645 2139 purpuram
1675 2095 1739 2128 in-

304 2138 451 2172 duitur:
486 2148 527 2170 ac
556 2137 683 2171 dextra
709 2137 855 2182 quidem
880 2144 996 2182 gestat
1017 2150 1176 2180 crucem,
1201 2151 1309 2186 quam
1327 2146 1466 2185 gestare
1496 2141 1588 2175 solet
1610 2151 1739 2185 quam-

305 2184 369 2218 diu
397 2194 562 2217 coronam
595 2189 725 2227 gestat3
763 2185 929 2217 sinistrae
955 2185 1106 2218 ferulam
1126 2186 1293 2227 tradunt,
1323 2191 1366 2220 ut
1390 2198 1538 2220 munere
1569 2187 1739 2231 fungatur

304 2229 550 2263 ecclesiastico
580 2231 675 2270 eius,
709 2230 773 2275 qui
800 2229 992 2274 deputatus
1017 2233 1230 2276 appellatur.
1278 2232 1374 2266 Haec
1405 2233 1572 2266 manibus
1595 2238 1738 2275 tenens,

303 2280 383 2309 tota
411 2285 540 2320 pompa
568 2275 760 2318 praecedit.
816 2276 871 2309 Ad
903 2282 1095 2324 utrumque
1121 2279 1215 2312 latus
1246 2279 1395 2324 Bai-angi
1427 2290 1506 2312 cum
1534 2278 1740 2320 securibus,

305 2327 344 2355 et
378 2322 471 2354 claro
506 2322 678 2365 sanguine
708 2322 854 2354 iuvenes
880 2325 1006 2357 armati
1031 2330 1093 2357 aut
1117 2325 1224 2358 etiam
1250 2326 1403 2358 inermes
1431 2326 1573 2359 circiter
1594 2329 1740 2358 centum

305 2367 502 2412 composite
535 2373 746 2412 sequuntur,
773 2374 941 2413 rectaque
966 2375 1047 2413 post
1072 2371 1189 2414 ipsum
1217 2371 1315 2404 linea
1344 2370 1486 2404 diaconi
1512 2377 1549 2404 et
1573 2369 1739 2404 sacerdo—

303 2418 358 2447 tes
380 2413 507 2446 ordine
528 2412 711 2453 incedunt,
733 2425 829 2447 sacra
853 2425 934 2448 vasa
955 2421 991 2448 et
1015 2417 1250 2449 instrumenta
1274 2428 1353 2450 cum
1377 2418 1541 2462 reliquiis
1565 2422 1602 2450 et
1624 2418 1739 2461 ipsam

305 2459 557 2493 eucharistiam
583 2459 752 2493 ferentes.
802 2460 953 2505 Templo
980 2461 1024 2494 de
1049 2473 1147 2495 more
1172 2463 1332 2504 circuito,
1355 2463 1421 2496 ubi
1446 2462 1491 2495 ad
1515 2462 1650 2496 soleam
1675 2474 1740 2497 ve-

303 2507 429 2546 niunt,
471 2506 534 2538 alii
558 2505 705 2550 quidem
730 2516 851 2540 omnes
875 2507 962 2540 foris
985 2514 1152 2549 manent,
1196 2509 1391 2553 imperator
1424 2509 1520 2542 solus
1544 2510 1736 2554 ingressus,

302 2551 541 2598 patriarcham
567 2552 612 2584 ad
637 2557 775 2585 sanctas
800 2552 896 2585 fores
921 2559 1072 2586 stantem
1097 2555 1244 2588 invenit.
1302 2556 1496 2600 Postquam
1531 2556 1737 2589 consaluta-

303 2604 406 2638 runt,
433 2597 631 2641 patriarcha
656 2599 774 2638 intus,
797 2598 993 2643 imperator
1015 2600 1103 2633 foris
1131 2605 1284 2640 stantes,
1309 2606 1524 2645 exspectant.
1571 2602 1743 2635 Protinusv

304 2646 368 2691 qui
391 2655 486 2691 poue
514 2645 764 2690 imperatorem
789 2644 880 2679 alios
908 2645 1077 2681 diaconos
1102 2646 1286 2681 antecedit
1297 2671 1312 2689 ,-
1351 2646 1476 2682 dextra
1498 2652 1626 2683 tenens
1649 2647 1736 2693 thus
