1852 3146
332 131 437 199 242
855 143 1225 189 CANTAcUzEm

1062 248 1132 268 ”u

132 253 214 294 As).
232 255 316 301 1327
329 250 583 304 κομίσασθαι
606 245 746 305 χρόνῳ
777 244 904 303 ῥητῷ·
930 245 1106 300 ,,οὕκουν
1159 246 1182 290 ὅ
1206 246 1406 303 βασιλεὺς
1440 246 1522 306 ἔφη
1547 249 1618 303 „el
1641 249 1763 293 τοῦτο
1819 263 1821 266 ·

329 315 528 371 δυσχερὲς
558 314 675 355 δοκεῖ
680 345 693 366 ,
731 310 804 353 καί
832 310 884 353 τὰ
911 311 1042 367 ἧμίση
1075 313 1371 372 καταλιπόντες
1401 314 1582 368 τούτων,
1618 314 1677 372 τῷ
1695 329 1764 358 τε-·-

329 379 464 436 τάρτῳ
502 378 635 435 μορίῳ
666 377 745 418 τοῦ
782 372 878 418 ὅλου
910 373 1261 432 ἆρκεσθησόμεθα
1298 379 1370 433 τῆς
1397 376 1560 435 εἰρήνης
1584 377 1660 421 καὶ
1684 379 1760 434 τῆς

324 442 514 497 ὁμονοίας
543 440 712 499 χάριν.”
763 441 801 483 οἱ
832 443 877 484 δὲ
915 438 1164 490 ἀκούσαντες
1192 441 1394 499 ἐπῄνεσάν
1422 458 1466 485 τε
1500 442 1559 493 ὥς
1590 441 1761 500 κρείττω

325 509 552 565 χρημάτων
575 506 648 550 τὸν
668 509 844 562 βασιλέα
858 540 871 560 ,
908 505 981 548 καί
1005 504 1304 564 ἀναμφιβόλως
1325 505 1510 564 ἔφασκον
1539 504 1781 564 ἇποδοθή-5

324 577 476 616 σεσθαι
502 570 553 615 τὰ
589 573 798 628 εἰρημένα.
845 571 905 622 ,ὥς
947 573 994 614 δὲ
1030 567 1138 613 εἶδεν
1173 570 1245 613 ἐπὶ
1274 571 1432 622 τούτοις
1469 573 1764 627 συνθεμένους,

322 638 576 692 βουλόμενος
604 635 626 678 ὅ
650 634 875 691 βασιλεῦς,
912 636 970 686 ὥς
995 635 1067 678 καί
1092 637 1176 679 τῶν
1202 639 1309 679 πᾶσι
1336 635 1563 680 δοκούντων
1582 653 1765 694 μετριω-

283 701 462 746 Βτοίτων
487 701 556 744 διὰ
589 700 636 745 τὸ
659 701 732 754 τὸν
750 701 929 756 πόλεμον
951 698 1239 758 καταλυθῆναι
1255 703 1468 754 ἐξίσταται
1493 700 1616 764 {nain
1643 704 1765 759 ποιῆ-

322 784 397 811 σαι
425 767 617 824 φανερὸν,
643 769 791 822 ,,δέον”
819 767 899 825 ἔφη
926 770 1026 822 „nal
1044 767 1161 821 ὑμῖν,
1196 766 1302 810 κατά
1335 783 1382 810 τε
1411 767 1487 824 τὴν
1513 767 1613 812 ὅδόν
1635 784 1764 811 πεπο-
1807 830 1809 833 ¹

188 838 230 874 V.
251 850 313 874 120
330 832 473 889 νηκόσι
499 834 573 875 καί
602 829 743 891 ἀσιτίᾳ
775 834 1248 890 προσταλαιπωρήσασιν
1269 830 1365 890 ὅλην
1389 831 1464 891 τήν
1481 834 1655 892 ἦμέραν,
1679 832 1817 890 χοὶ-ιο

325 915 393 955 ριν
418 897 785 940 καταθεῖναίτινα.
814 898 962 940 οὕκοῦν
984 897 1058 940 καί
1079 897 1124 941 τό
1145 902 1342 956 τέταρτον
1368 901 1452 943 τῶν
1479 898 1761 956 ὄφειλομένων

323 963 547 1019 χρημάτων
590 962 745 1019 ἐφίημι
782 962 903 1016 ὑμῶν
937 962 1091 1019 χάριν,
1137 966 1209 1006 καί
1250 964 1372 1007 οὐδὲν
1410 962 1527 1022 παρὰ
1556 962 1763 1018 βασιλέὼς

325 1027 490 1069 οἷπαιταῖ
530 1025 639 1082 πλὴν
678 1024 754 1068 ὅσα
786 1027 825 1069 οἱ
863 1025 916 1069 τοὶ
952 1027 1134 1083 δημόσια
1173 1030 1428 1079 διοικοῦντες
1473 1030 1610 1079 αἰτίας
1643 1025 1764 1078 τινὰς

323 1090 581 1144 πλασάμενοι
604 1093 796 1145 ψευδεῖς,
833 1087 1186 1149 ἀποστερήσαντες
1209 1096 1415 1148 βασιλέως
1432 1091 1603 1149 ἔχουσιν
1627 1093 1762 1147 adrat,

325 1157 575 1208 ἀποδείξεως
602 1159 824 1212 γενομένης
849 1158 1070 1214 ἐναργοῦς,
1096 1161 1232 1200 ταῦτα
1257 1159 1441 1213 λαβόντα
1474 1161 1683 1214 διανεῖμαι
1712 1156 1815 1215 τῇ15

324 1224 502 1280 στρατιᾷ
527 1223 678 1277 μικρᾶς
700 1222 816 1264 ἕνεκα
839 1239 946 1272 τινος
972 1222 1262 1279 παραμυθίας.
1287 1222 1348 1280 μη
1373 1223 1624 1281 θαυμάσητε
1643 1225 1704 1279 δὲ,
1725 1225 1764 1267 εἰ

325 1285 422 1341 περὶ
438 1288 512 1328 τοῦ
535 1283 595 1341 μη
618 1287 704 1327 δεῖν
729 1285 801 1328 ἐπὶ
823 1293 919 1336 ταῖς
951 1284 1105 1344 ἑτέρων
1139 1290 1439 1345 κακοπραγίαις
1471 1291 1608 1346 ἕτερον
1630 1304 1763 1344 μεγα-

206 1353 527 1404 Ρ.15ολοψυχεῐ’ν
560 1352 633 1391 καί
654 1353 966 1405 φιλοτιμεῖσθαι
994 1351 1127 1395 πολλὰ
1154 1351 1358 1410 πρότερον
1378 1351 1506 1396 εἰπών
1514 1387 1527 1408 ,
1556 1355 1632 1397 νῦν
1653 1349 1763 1396 οὕτω

324 1414 476 1473 ῥᾳδίως
511 1414 564 1457 τοὶ
603 1421 689 1464 τοῖς
725 1415 998 1471 στρατιώταις
1038 1416 1290 1474 ὄφειλόμενα
1318 1418 1517 1476 χρήματα
1548 1416 1765 1475 πρόειμαι.
1809 1470 1816 1477 ι

322 1478 398 1521 ἐάν
420 1478 498 1535 γὰρ
526 1480 585 1528 εἰς
601 1477 675 1521 τὸν
710 1481 858 1536 ἐφεξῆς
870 1480 1025 1537 χρόνον
1047 1481 1154 1525 κατὰ
1184 1481 1285 1533 τούς
1305 1481 1454 1539 ὅρκους
1475 1485 1547 1525 καί
1563 1481 1641 1533 τοὶς
1664 1488 1819 1530 συν-26

321 1543 454 1599 θήκας
485 1544 511 1600 ἦ
539 1543 763 1599 τεταγμένη
783 1545 1030 1602 μισθοφορὰ
1053 1550 1288 1604 παρέχηται
1318 1545 1463 1598 αὖτοῖς
1474 1580 1502 1602 ,,
1515 1545 1570 1591 τὰ
1598 1546 1764 1606 ὀφειλό-

321 1624 429 1661 μενα
453 1610 525 1650 ἐπὶ
551 1611 607 1664 τῷ
641 1610 797 1663 προτοῦ
819 1609 930 1652 πάνυ
961 1613 1176 1666 φιλοῦντες
1205 1613 1302 1665 ἐμοὶ
1325 1614 1578 1668 χαριοῦνται
1609 1612 1764 1671 χρόνῳ.

324 1667 460 1721 ἄλλως
489 1688 534 1713 τε
564 1670 706 1713 ἔδεισα
734 1673 793 1727 μή
823 1690 884 1723 τις
915 1676 988 1716 καί
1016 1672 1087 1716 διοῖ
1109 1677 1243 1718 ταῦτα
1262 1678 1431 1732 γένηται
1455 1676 1639 1735 ἀναβολὴ
1658 1677 1764 1734 πρὸς

322 1735 400 1791 τὴν
427 1735 614 1793 εἰρήνην,
642 1735 715 1778 καί
736 1735 921 1792 δόξωμεν
946 1740 1106 1792 μᾶλλον
1127 1739 1359 1797 ἐξεπίτηδες
1385 1739 1456 1783 τὸν
1484 1740 1673 1796 πόλεμον
1695 1740 1764 1785 αἷ-

325 1837 463 1880 ξοΙνει-«ε
480 1851 488 1872 :
511 1836 664 1881 proinde
687 1850 752 1884 pro
771 1838 875 1883 copia
892 1851 989 1874 nunc
1011 1842 1235 1886 acciperent,
1254 1842 1436 1888 reliquum
1456 1842 1503 1877 ad
1530 1842 1626 1878 diem
1651 1854 1761 1890 prae-

324 1883 464 1916 finitam
484 1884 676 1928 accepturi.
726 1885 763 1918 Si
784 1884 854 1918 hoc
878 1887 1027 1920 difficile
1050 1888 1185 1931 putatis
1199 1913 1210 1930 ,
1243 1890 1381 1934 excipit
1404 1890 1619 1935 imperator,
1650 1891 1761 1926 etiam

325 1928 479 1963 dimidio
514 1931 686 1971 remisso,
721 1937 847 1976 quarta
875 1938 977 1976 parte
1010 1935 1109 1977 pacis
1147 1940 1184 1968 et
1221 1935 1434 1970 concordiae
1468 1947 1571 1970 causa
1595 1937 1759 1971 contenti

325 1976 469 2009 erimus.
519 1976 600 2021 Quo
624 1976 768 2018 audito,
797 1979 958 2023 episcopi
983 1990 1066 2012 eum
1089 1985 1130 2013 ut
1154 1991 1175 2013 a
1201 1981 1354 2025 pecunia
1374 1982 1549 2016 invictum
1577 1993 1761 2017 commen-

324 2021 471 2062 darunt,
496 2020 861 2068 spoponderuntque‚
882 2026 971 2059 citra
987 2028 1262 2060 controversiam
1284 2032 1424 2072 partem
1447 2028 1579 2062 dictam
1599 2029 1760 2063 solutum

323 2067 382 2104 iri,
407 2068 603 2112 Imperator
625 2068 722 2101 utin
740 2068 810 2102 hoc
825 2082 944 2103 secum
969 2072 1144 2105 facientes
1169 2073 1272 2114 vidit,
1304 2074 1428 2107 volens
1448 2079 1609 2109 constare
1641 2076 1761 2108 omni-

323 2112 411 2153 bus,
437 2125 474 2146 se
501 2114 659 2147 libenter
681 2114 772 2147 belli
798 2117 953 2150 tollendi
975 2129 1080 2151 causa
1110 2118 1155 2151 de
1177 2119 1256 2153 iure
1281 2131 1345 2153 suo
1372 2121 1480 2154 etiam
1509 2121 1548 2155 in
1570 2121 1640 2162 iis,
1665 2132 1760 2167 quae

325 2164 444 2197 essent
464 2160 622 2192 omnium
640 2160 865 2194 confessione
884 2163 1185 2205 moderatissima,
1209 2165 1383 2199 decedere
1398 2191 1408 2208 ,
1435 2166 1600 2211 Oportet,
1624 2167 1759 2213 inquit,

325 2210 362 2238 et
377 2205 480 2238 vobis
504 2205 549 2238 de
567 2206 624 2237 via
644 2205 746 2239 fessis
773 2212 810 2239 et
829 2208 939 2241 totius
964 2210 1038 2242 diei
1068 2209 1192 2244 inedia
1225 2212 1383 2252 vexatis,
1421 2213 1569 2257 gratiam
1600 2213 1760 2260 aliquam

323 2250 532 2294 rependere.
582 2252 708 2296 Itaque
735 2256 771 2284 et
796 2259 961 2297 quartam
990 2261 1126 2299 partem
1155 2256 1302 2291 debitae
1334 2259 1510 2302 pecuniae
1539 2259 1580 2292 in
1608 2260 1758 2303 gratiam

322 2302 475 2329 vestram
502 2297 665 2329 remitto:
687 2302 724 2330 et
748 2297 793 2330 ab
823 2310 887 2332 avo
920 2300 1015 2333 nihil
1041 2303 1163 2347 exigo,
1187 2303 1259 2336 nisi
1287 2304 1384 2348 quod
1414 2309 1647 2349 quaestores,
1671 2316 1759 2337 con-

323 2343 415 2375 fictis
444 2342 661 2388 quibusdam
680 2344 792 2377 causis
813 2344 1029 2390 imperatore
1052 2347 1276 2389 defraudato,
1301 2349 1372 2383 sibi
1395 2352 1565 2390 retinent,
1590 2349 1629 2383 id
1651 2350 1751 2396 quod

320 2388 469 2433 probari
492 2388 679 2432 perspicue
705 2394 850 2433 potest,
875 2398 915 2425 ut
933 2392 1026 2425 hanc
1045 2405 1217 2426 summam
1249 2394 1295 2427 ad
1312 2395 1564 2441 qualecunque
1588 2396 1757 2430 solatium

321 2435 360 2467 in
387 2435 540 2467 militem
577 2433 797 2476 dispertiam.
845 2437 899 2470 Ne
929 2444 1050 2472 tamen
1075 2451 1136 2473 vos
1167 2440 1356 2473 admiratio
1387 2441 1524 2485 capiat,
1562 2442 1756 2486 quomodo,

321 2492 400 2513 cum
419 2486 502 2513 ante
521 2479 744 2520 affirmarim,
768 2493 840 2514 non
866 2491 1032 2527 oportere
1046 2486 1084 2517 in
1102 2485 1229 2518 alienis
1247 2486 1401 2519 miseriis
1423 2488 1756 2531 magnanimitatem

322 2532 523 2566 ostentare,
547 2537 643 2558 nunc
661 2525 750 2559 adeo
767 2538 841 2560 non
863 2537 1103 2575 repugnanter
1117 2531 1241 2564 debita
1259 2532 1438 2565 militibus
1461 2532 1643 2577 stipendia
1664 2546 1753 2568 con-

322 2572 465 2606 donem.
513 2571 553 2605 Si
584 2582 739 2616 namque
769 2572 814 2606 de
843 2580 961 2609 cetero
990 2588 1034 2609 ex
1063 2576 1210 2611 foedere
1239 2579 1434 2611 constituta
1459 2579 1643 2623 stipendia
1668 2591 1753 2624 per-

321 2619 525 2658 solventur,
562 2627 652 2662 quae
674 2628 718 2650 ex
743 2622 946 2663 antegresso
976 2627 1138 2666 tempore
1177 2623 1251 2656 illis
1277 2622 1480 2663 debentur,
1523 2636 1588 2668 pro
1617 2627 1752 2660 eximio

322 2675 459 2704 amore,
481 2675 552 2708 quo
573 2673 630 2696 me
651 2661 822 2707 diligunt,
843 2665 935 2699 mihi
960 2669 1158 2702 remittent.
1216 2669 1403 2702 Praeterea
1429 2670 1563 2711 timeo,
1594 2682 1641 2706 ne
1666 2683 1751 2717 pro-

320 2715 402 2755 pter
425 2709 515 2744 haec
534 2720 602 2755 pax
623 2707 808 2745 differatur
831 2710 1084 2760 videamurque
1103 2714 1267 2749 consulto
1291 2714 1428 2750 bellum
1449 2716 1602 2753 trahere.
1628 2718 1750 2763 Quare
