1832 3138
343 65 411 138 78
838 77 1207 124 CANTActhEm

148 194 186 228 Α.
208 194 244 228 C.
264 180 586 235 ι32ιλευσὰμεθά
616 196 653 223 τι
688 181 769 223 τῶν
787 179 844 236 μή
878 179 1068 226 δεόντων.
1098 180 1202 233 ἀλλὰ
1233 179 1435 236 τοσαύτην
1472 181 1763 238 ἐνεδειξάμεθα
1823 208 1826 212 Δ

337 245 648 302 μεγαλοψυχίαν
673 245 746 288 καὶ
765 245 984 303 καρτερίαν
1007 247 1112 304 πρὸς
1128 246 1174 288 τὸ
1197 248 1297 302 μηδ’
1317 246 1506 302 ἡντινοῦν
1531 247 1670 292 αἰτίαν
1693 250 1764 306 ἐφ’

338 310 400 361 οἷς
422 310 442 354 ὃ
462 309 661 365 βασιλεύς
688 310 935 367 βεβούληται
953 314 1051 354 καθ’
1082 313 1199 368 ἡμῶν
1219 310 1343 354 αὐτοὶ
1362 317 1592 368 παρασχεῖν
1607 346 1620 367 ,
1659 309 1761 356 (ὅστ’

336 378 377 418 εἰ
409 374 468 431 μή
498 373 597 424 θεὸς
627 371 788 419 ἄνωθεν
817 375 1019 434 ὑπερέσχε
1050 383 1197 433 χεῖρα,
1252 377 1350 419 οὐδὲ
1376 375 1485 420 πάνυ
1508 375 1654 434 πόᾷῥω
1681 379 1763 421 τῶν

336 441 519 483 θανάτου
561 441 864 498 κατηντήκαμεν
893 444 1046 485 πυλῶν.
1087 437 1190 499 ἄχρι
1216 443 1294 496 μὲν
1335 437 1410 484 οὖν
1441 443 1564 498 δεῦρο
1597 442 1646 484 τὸ
1678 442 1790 492 τοῖς5

338 508 486 555 δεινοῖς
506 506 764 563 ἐγκαρτερεῖν
792 503 914 557 αὗτός
949 523 995 549 τε
1019 507 1194 564 ἐπῄνουν
1222 507 1296 550 καί
1321 505 1616 562 συνεβούλευον
1638 506 1763 563 epatu:

335 570 397 614 ἔτι
420 570 496 627 γὰρ
526 565 654 614 ὅντων
669 572 714 614 ἐν
738 567 873 630 ἀδήλῳ
894 574 976 630 τιόν
1006 575 1103 615 καθ’
1142 573 1269 629 ἡμᾶς,
1297 570 1400 629 πρὸς
1416 573 1492 626 ἐμὲ
1510 571 1637 626 μόνον
1661 566 1763 632 ᾤετο

333 636 408 692 τήν
430 635 634 693 διαφορὰν
654 635 765 692 ἔχειν
787 635 809 678 ὅ
832 636 1052 692 βασιλεὺς,
1090 637 1163 680 καί
1186 637 1481 693 μαλακώτερον
1502 634 1651 694 ἥπτετο
1675 640 1760 681 τῶν

305 701 617 759 (Ξπραγμάτων,
645 699 830 759 εὐχερῶς
851 701 1043 757 νομίζων,
1066 699 1161 746 ὅταν
1181 702 1357 760 ἐθελήσῃ
1380 701 1486 759 πρὸς
1513 699 1765 760 πέρας-ἄγα-

334 774 420 823 γεῖν
439 767 468 809 ἃ
485 768 705 824 προῄρητο,
727 769 854 826 δρᾷν·
879 770 973 811 νυνί
991 770 1037 811 δὲ
1065 771 1247 826 φανεροῦ
1263 770 1531 824 γεγενημένου
1556 770 1632 815 τοῦ
1649 785 1818 819 τιναςιο

335 831 442 877 εἶναι
463 831 559 884 τούς
582 834 902 889 συναιρομένους
921 832 1028 887 ἐμοὶ,
1051 831 1185 876 οὖκέτι
1207 836 1288 877 τῶν
1316 832 1465 888 ὁμοίων
1489 835 1622 884 ἕξεται
1652 839 1765 890 λογι-

334 900 465 952 σμῶν,
493 893 598 940 ἀλλὰ
626 897 823 955 πρότερον
844 898 957 951 ὑμᾶς
984 900 1028 940 ἐν
1051 895 1198 955 ἇρχαῗν
1236 899 1508 956 προσχήματι
1539 894 1766 955 διαστήσας

339 965 459 1017 ἐμοῦ,
487 961 560 1005 καί
590 964 663 1018 τῆς
695 965 795 1019 παρ’
822 962 1011 1019 ἀλλήλων
1049 964 1162 1019 ἡμᾶς
1198 964 1438 1022 ἐπικουρίας
1469 961 1764 1023 ἀποστερήσας,

337 1029 442 1069 πᾶσι
468 1025 537 1069 διὰ
562 1027 636 1082 τὴν
669 1026 853 1081 μόνωσιν
891 1023 1007 1072 οὖσιν
1041 1025 1381 1083 ἀσθενεστάτοις,
1409 1028 1460 1085 ἣν
1482 1025 1537 1072 ἂν
1559 1027 1762 1084 βούλοιτο,

334 1092 451 1147 δίκην
477 1091 688 1148 ἐπιθήσει.
717 1095 792 1136 νῦν
812 1096 890 1148 μὲν
912 1089 986 1137 οὖν
1013 1098 1082 1138 σοι’
1098 1093 1175 1151 τήν
1200 1093 1301 1152 πρὸς
1330 1092 1648 1152 Πελοπόννησον
1669 1096 1816 1139 ἐπέ-15

234 1160 457 1215 ν,42ταξεν
493 1157 684 1200 ἀπιέναι·
721 1160 781 1208 εἰς
803 1157 879 1214 τήν
917 1159 1148 1217 ὑστεραίαν
1181 1162 1228 1202 δὲ
1252 1159 1591 1218 πρωτοστράτορι
1614 1157 1763 1218 ἑτέραν

338 1223 466 1277 δῆθεν
493 1222 629 1280 ἀρχήν
649 1239 742 1266 τινα
766 1222 868 1281 πρὸς
893 1230 986 1275 ταῖς
1009 1227 1225 1280 ἐσχατιαῖς
1244 1227 1318 1282 τῆς
1343 1226 1562 1279 Ῥωμαίων
1584 1226 1659 1281 γῆς
1695 1227 1764 1280 ἐγ-

296 1299 329 1332 Ι)
341 1289 518 1344 χειρίσει
557 1287 631 1330 καὶ
663 1288 961 1344 καταναγκάσει
996 1289 1098 1348 πρὸς
1125 1291 1252 1346 τάχος
1287 1307 1334 1347 γε
1363 1291 1554 1334 ἀπιέναι·
1581 1290 1693 1344 ὖμᾶς
1724 1292 1764 1332 δ’

331 1353 517 1396 ἐκποδὼν
552 1351 729 1410 ποιήσας
760 1353 855 1405 τούς
900 1358 1303 1413 περιφανεστέρους,
1343 1354 1429 1400 τότ’
1455 1352 1536 1413 ἤδη
1571 1355 1766 1412 καὶπερὶ

326 1415 481 1476 ἐτέρων
509 1417 621 1477 εἴπέρ
644 1421 748 1462 εἰσιν
777 1418 1039 1478 ἄνερευνήσει
1054 1457 1064 1468 .
1105 1421 1238 1465 πάντα
1261 1424 1299 1464 δ’
1333 1420 1390 1472 ὦς
1414 1417 1465 1465 ἂν
1492 1418 1605 1479 aare?
1627 1422 1816 1470 καλῶςσσ

328 1485 416 1541 ἔχοι
442 1486 638 1543 πρότερον
663 1487 930 1540 διαθέμενος,
958 1487 1015 1537 ὥς
1053 1481 1133 1543 ἤδη
1167 1485 1273 1544 πρὸς
1302 1484 1597 1544 καταστροφὴν
1626 1483 1764 1528 εὖεπι-

332 1554 526 1608 χείρητον
558 1549 728 1609 ὕστερον
750 1550 933 1609 χωρήσει
958 1552 1040 1605 Ἷκαί
1072 1551 1175 1610 πρὸς
1211 1553 1299 1607 ἐμέ.
1323 1549 1415 1596 ἄλλ’
1448 1551 1550 1602 ἴσως
1575 1551 1669 1608 ἐρεῖ·
1685 1568 1762 1605 τις,

324 1615 403 1670 ὥς,
433 1617 515 1672 εἴγε
547 1618 650 1660 κατὰ
675 1616 790 1673 λόγον
811 1617 884 1660 τὸν
916 1617 990 1660 σὸν
1020 1620 1068 1661 σὲ
1109 1619 1182 1674 τῆς
1215 1617 1296 1660 οἷπὸ
1329 1616 1486 1661 τούτων
1523 1616 1764 1674 ἐπικουρίας

323 1678 609 1738 ἀποστερῆσαι
618 1681 865 1736 βουλόμενος
893 1679 1029 1739 οἷρχοὶς
1050 1679 1190 1732 αὐτοῖς
1225 1684 1445 1740 ἐγχειρίσει
1466 1681 1543 1733 τὰς
1565 1684 1610 1725 ἐν
1633 1685 1763 1736 ἐσχα-

322 1753 430 1797 τιαῖς
453 1749 524 1803 τῆς
550 1745 770 1802 Ῥωμαίων
795 1744 930 1805 ἀρχῆς
943 1782 956 1803 ,
985 1749 1086 1807 ῥᾷον
1120 1743 1172 1804 ἦν
1223 1747 1357 1804 δήπου
1383 1747 1456 1790 καὶ
1477 1749 1811 1796 λυσιτελέστε-25

324 1836 384 1870 vel
409 1836 566 1881 egimus,
594 1836 653 1870 vel
680 1837 941 1870 consuluimus:
980 1836 1044 1870 sed
1067 1835 1150 1871 ideo
1183 1841 1320 1871 tantam
1347 1837 1559 1871 *animorum
1593 1835 1760 1870 altitudi-

327 1894 411 1915 nem
434 1894 474 1916 ae
497 1883 727 1916 tolerantiam
748 1895 834 1928 prae
862 1883 969 1917 nobis
996 1884 1166 1923 tulimus,
1197 1894 1245 1916 ne
1268 1883 1478 1928 imperatori
1499 1885 1541 1919 in
1566 1894 1632 1917 nos
1658 1893 1760 1916 secus

327 1929 510 1962 statuendi
534 1929 715 1962 minimam
740 1941 880 1969 causam
909 1929 1082 1964 daremus.
1144 1928 1253 1973 Quod
1283 1930 1355 1963 nisi
1379 1930 1467 1964 deus
1501 1929 1656 1974 desuper
1681 1940 1758 1962 ma—

323 1986 413 2008 num
437 1986 538 2008 suam
564 1975 805 2018 extendisset3
841 1975 940 2009 haud
963 1977 1068 2021 longe
1099 1974 1291 2009 admodum
1317 1987 1337 2009 a
1361 1981 1465 2022 porta
1487 1975 1611 2019 mortis
1637 1974 1759 2007 abfui-

324 2031 415 2053 mus.
473 2021 665 2066 Hucusque
692 2023 802 2066 igitur
835 2023 875 2055 in
898 2022 1004 2055 rebus
1035 2021 1171 2054 afflictis
1208 2022 1402 2066 perdurare
1436 2032 1500 2067 ego
1525 2027 1563 2055 et
1594 2020 1759 2061 laudavi,

327 2071 366 2101 et
389 2066 491 2099 vobis
505 2091 515 2108 ,
538 2072 580 2100 ut
600 2066 638 2099 id
661 2067 826 2101 faceretis
841 2092 850 2108 ,
876 2073 998 2101 auctor
1038 2068 1105 2102 fui.
1154 2067 1300 2113 Quippe
1320 2067 1481 2103 nondum
1504 2073 1651 2112 patente
1673 2078 1759 2099 con-

325 2113 525 2158 spiratione
548 2117 692 2154 nostra,
717 2124 855 2147 mecum
875 2115 952 2147 solo
977 2113 1127 2159 putabat
1150 2115 1348 2158 imperator
1366 2115 1438 2150 sibi
1463 2125 1539 2148 esse
1560 2113 1757 2158 negotium;

326 2163 366 2192 et
388 2159 530 2204 segnius
555 2159 706 2204 agebat,
729 2161 880 2194 confisus
895 2184 905 2201 ,
939 2170 1048 2205 parvo
1073 2160 1221 2201 labore,
1251 2172 1330 2194 cum
1364 2162 1556 2201 libuisset,
1587 2158 1760 2192 meditata

328 2215 437 2249 opera
461 2205 715 2250 perfecturum.
763 2206 890 2247 Nunc,
922 2207 1092 2252 quoniam
1121 2211 1277 2247 constat,
1301 2218 1378 2241 esse
1407 2209 1470 2254 qui
1493 2217 1550 2240 me
1578 2204 1758 2246 adintent,

327 2251 436 2284 aliter
456 2252 588 2285 sentiet
600 2265 608 2285 ε
636 2257 672 2285 et
680 2257 869 2298 postquam
879 2263 940 2286 vos
953 2257 1139 2298 praetextu
1151 2253 1453 2298 praefecturarum
1462 2265 1482 2287 a
1493 2264 1549 2286 me
1561 2249 1741 2286 divellerit
1749 2271 1760 2290 ,

328 2297 539 2343 mutuisque
570 2308 635 2331 nos
660 2299 804 2332 auxiliis
835 2300 1063 2343 spoliaverit,
1088 2298 1254 2333 omnibus
1285 2305 1433 2345 propter
1480 2297 1760 2333 disiunctionem

328 2343 636 2389 solitudinemque
660 2344 733 2378 iam
755 2345 997 2378 imbecillimis
1021 2357 1176 2390 poenam
1195 2356 1260 2389 pro
1285 2346 1460 2380 arbitratu
1474 2343 1655 2390 irrogabit.
1680 2342 1761 2375 Ho-

329 2389 392 2422 die
413 2389 483 2422 tibi
497 2414 507 2430 ,
531 2389 749 2432 domestice,
783 2391 971 2435 imperavit
993 2393 1278 2437 Peloponnesum
1303 2403 1507 2437 capessere:
1538 2401 1612 2425 cras
1632 2393 1759 2434 proto-

331 2439 520 2469 stratorem
544 2436 590 2469 ad
623 2437 731 2469 aliam
757 2437 936 2483 quandam
958 2439 1180 2483 provinciam
1209 2437 1248 2471 in
1274 2438 1410 2472 ultimis
1433 2437 1581 2472 Romani
1615 2433 1759 2478 imperii

330 2481 464 2515 finibus
494 2481 702 2516 amandabit
735 2485 972 2530 celeriterque
1003 2485 1181 2530 proficisci
1216 2485 1416 2529 compellet.
1473 2484 1544 2518 Ubi
1574 2493 1636 2515 vos
1672 2480 1759 2512 illu-

331 2528 476 2561 striores
504 2532 541 2561 et
573 2527 652 2572 ipsa
690 2530 810 2573 capita
834 2541 853 2563 e
879 2531 999 2564 medio
1027 2530 1239 2571 removerit,
1275 2535 1353 2565 tum
1375 2532 1448 2564 iam
1471 2536 1508 2565 et
1531 2530 1701 2572 reliquos,
1727 2526 1758 2558 Si

331 2574 396 2620 qui
420 2577 514 2615 sunt,
541 2573 792 2619 investigabit,
823 2580 972 2623 totaque
997 2588 1034 2610 re
1060 2583 1165 2611 antea
1190 2587 1234 2610 ex
1264 2588 1327 2610 sua
1351 2578 1530 2611 sententia
1554 2574 1647 2607 bene
1671 2582 1757 2604 con-

331 2620 476 2660 stituta,
499 2619 643 2654 tandem
667 2633 732 2665 pro
759 2622 983 2666 catastrophe
1007 2623 1052 2656 ad
1074 2635 1130 2657 me
1159 2634 1325 2669 quoque,
1348 2628 1389 2657 ut
1411 2625 1578 2668 superatu
1603 2617 1759 2670 facilem,

332 2677 368 2700 se
393 2671 585 2702 convertet.
633 2666 739 2702 Dicet
763 2669 957 2715 quispiam:
983 2671 1031 2711 si,
1057 2676 1098 2705 ut
1128 2670 1200 2711 ais,
1233 2675 1270 2705 te
1293 2669 1419 2705 horum
1440 2668 1596 2704 virorum
1620 2674 1756 2710 praesi-
