1820 3164
22 91 35 111 2-
28 65 31 73 ἡ
36 54 38 58 ,
17 0 37 46 “.·.“.“-ἲ

0 107 29 193 [ᾖ
267 137 271 140 -
520 114 900 159 msTomAmm
938 115 992 157 11.
1030 118 1096 161 32.
1304 92 1310 96 ’
1436 93 1554 168 ’499

103 222 223 272 νοίας
255 214 410 278 {Stiuas
444 216 677 272 τοσαύτης.
732 216 798 260 διὸ
839 218 914 260 καὶ
946 215 1024 274 τήν
1065 213 1289 272 ἐπιδημίαν
1316 210 1449 257 adro&
1477 210 1753 268 0132A.C.1336

106 285 166 336 ὥς
189 284 490 340 τῶνέπιγείων
517 282 656 338 τινὸς,
693 286 779 326 τῶν
807 281 1055 340 κρειττόνων
1092 283 1139 325 δὲ
1171 277 1300 338 ἦγον.
1353 278 1453 331 τούς
1477 282 1557 335 μὲν

107 347 189 395 οὖν
206 351 384 408 Πέρσας
443 349 515 393 ετὰ
542 348 590 392 τὸ
618 349 1030 393 καταδουλώσασθαι
1052 347 1288 403 ’Λλβανούς
1317 346 1560 401 ἀπέπεμπεν

106 415 131 461 ὅ
150 415 358 474 μβασιλεύς
382 431 443 467 εις
468 415 542 471 τήν
571 415 748 470 οἰκείαν,
807 416 853 459 οἳ
884 414 958 458 καί
993 414 1064 457 διὰ
1096 415 1326 464 Θετταλίας
1354 412 1427 455 καί
1453 416 1596 458 Bor—V.
1615 424 1685 469 243

78 485 248 535 ὄτιαώις
284 483 345 535 εἷς
374 483 682 539 Θεσσαλονίκην
710 482 1052 538 καταντήσαντες,
1092 483 1253 523 ἐκεῖθεν
1289 485 1379 530 ταῖς
1407 478 1557 523 ναυσὶν
1575 493 1607 526 D

106 549 431 605 ἐπεραιώθησαν
458 547 562 605 πρὸς
586 549 760 595 Ἰωνίαν.
789 543 917 598 αὖτὸς
945 549 992 591 δὲ
1021 550 1217 590 διενοεῖτο
1239 546 1296 596 ὥς
1323 547 1382 596 εἰς
1405 547 1563 602 Ἀκαρ-

105 610 254 659 νανίαν
278 615 495 669 ἐμβαλῶν.
551 614 615 657 ἔτι
644 616 692 656 δὲ
719 613 826 657 κατά
856 614 909 656 τὰ
937 613 1181 670 Βαλάγριτα
1210 612 1464 669 διατριβοντι
1492 609 1564 654 λό-

105 696 180 737 γος
201 679 435 738 Ἀκαρνᾶσι
457 680 588 732 πολύς
616 681 772 736 ἐγίνετο
801 680 900 737 περὶ
925 678 1070 724 αὐτοῦ.
1111 678 1230 737 φήμη
1257 677 1339 735 γὰρ
1371 677 1478 736 διῄει
1507 677 1564 727 ὥς

108 747 255 798 αὐτοῖς
285 746 626 804 ἑπιστρατεῦσει.
681 746 721 790 οἱ
747 750 826 802 μὲν
852 743 927 790 οὖν
952 745 1012 804 μή
1043 748 1246 802 δέχεσθαι
1273 750 1368 794 ταῖς
1395 743 1564 786 πόλεσιν

18 825 33 862 3.,
59 813 280 870 Ῑοῆξίουν,
317 814 427 870 μηδὲ
454 814 529 870 τῆς
556 815 741 864 παλαιᾶς
778 814 945 864 εὐνοίας
972 814 1048 870 τῆς
1082 812 1188 868 πρὸς
1214 810 1312 862 τοὺς
1342 806 1565 865 ’Λγγέλους

80 898 83 901 ·
110 875 392 934 ἀποστάντας,
421 878 554 922 πολύν
582 875 664 936 ἤδη
689 879 843 937 χρόνον
872 875 1077 936 ἄρξαντας
1106 878 1261 932 αὖτῶν,
1290 874 1371 919 ὑπὸ
1399 879 1572 930 βασιλεῖ

107 942 379 1002 ὖποχειρίους
402 947 614 1001 γίνεσθαι,
655 942 760 988 ἄλλα
788 948 840 1003 τῇ
867 945 1071 989 δεσπότου
1094 941 1290 987 Ἰωάννου
1319 943 1487 998 γυναικὶ
1513 941 1564 998 τῇ

108 1013 335 1070 βασιλίσσῃ
354 1006 498 1070 Ἀννῃ,
525 1010 555 1068 ἢ
583 1014 966 1070 πρωτοβεστιαρίου
995 1012 1184 1068 θυγάτηρ
1213 1006 1264 1066 ἦν
1296 1006 1564 1065 Ἀνδρονύιου

109 1080 195 1121 τοῦ
217 1079 544 1134 Παλαιολόγου,
574 1076 620 1121 ὃν
648 1076 926 1136 ἱστορήκαμεν
954 1080 1032 1121 τοῦ
1059 1076 1163 1135 πρὸς
1190 1077 1395 1133 ἀλλήλους
1422 1078 1565 1116 τελευ-

61 1145 235 1197 ιςταίου
275 1146 361 1187 τῶν
399 1146 610 1199 βασιλέων
647 1146 831 1199 πολέμου
860 1145 1045 1199 μάλιστα
1075 1143 1322 1187 αἰτιώτατον
1347 1139 1567 1197 γεγενημέ-

110 1226 206 1265 νον,
257 1211 333 1253 καί
357 1210 588 1271 Νικηφόρῳ
626 1213 683 1271 τῷ
712 1211 871 1255 ἐκείνου
903 1211 1030 1254 naam*
1055 1209 1133 1267 τήν
1159 1210 1300 1253 πίστιν
1327 1214 1469 1264 τηρεῖν
1495 1209 1567 1260 βε-

110 1277 254 1332 βαίαν.
306 1275 346 1319 οἷ
372 1277 420 1320 δὲ
449 1277 682 1333 ἀντέλεγον,
735 1277 810 1321 καὶ
834 1280 922 1321 δεῖν
949 1278 1220 1333 ἐβουλεύοντο
1248 1277 1452 1330 δέχεσθαι
1482 1275 1565 1327 βα·
1575 1284 1610 1318 Ρ.
1624 1280 1697 1322 304

112 1344 234 1385 σιλέα
275 1345 349 1386 καί
386 1341 445 1400 μή
473 1342 830 1398 πόλεμονκινεῐν.
883 1342 1271 1402 προσχωρήσαντας
1294 1340 1376 1397 γὰρ
1407 1341 1484 1383 νῦν
1505 1339 1565 1397 τῷ

112 1411 304 1463 βασιλεῖ’,
348 1407 423 1466 τήν
439 1425 486 1452 τε
505 1409 656 1466 χώραν
675 1409 942 1467 ὃιατηρήσειν
974 1412 1047 1452 καί
1073 1412 1187 1465 σφᾶς
1219 1405 1376 1456 αὖτοῦς
1406 1407 1490 1447 τῶν
1519 1405 1565 1446 ἐκ

3 1523 5 1525 ,
58 1475 194 1517 αοτοῧ
210 1475 394 1529 πολέμου
413 1471 666 1533 ἀπειράτους
694 1477 830 1518 κακῶν
837 1511 849 1530 ,
890 1478 965 1519 καί
984 1475 1208 1533 βασιλίσσῃ
1239 1473 1313 1516 καί
1331 1470 1564 1529 Νικηφόρῳ

118 1542 179 1599 τῷ
202 1541 359 1598 ἐκείνης
379 1540 503 1584 παιδὶ
525 1541 640 1599 παρὰ
666 1544 875 1597 βασιλέως
899 1541 951 1585 τὰ
971 1543 1238 1599 συμφέροντα
1262 1541 1458 1596 αἰτήσειν·
1490 1537 1566 1579 ἐὰν

84 1631 86 1634 >
119 1609 168 1650 δὲ
188 1610 426 1651 καταστῶσι
445 1606 551 1665 πρὸς
579 1606 654 1651 τὸν
683 1607 885 1664 πόλεμον,
927 1611 1092 1665 πρῶτον
1122 1610 1201 1662 μὲν
1223 1607 1274 1649 οὔ
1306 1603 1567 1660 δυνήσεσθαι

116 1673 221 1733 πρὸς
254 1675 433 1729 βασιλέα
473 1673 765 1731 α’ντισχήσειν,
810 1676 862 1717 οὔ
903 1675 1032 1730 μόνον
1069 1673 1142 1716 διὰ
1180 1672 1227 1716 τό
1267 1670 1425 1728 πολλήν
1452 1666 1566 1726 ἄγειν

122 1820 247 1856 gorum
275 1808 476 1845 secundum
515 1810 608 1844 alius
633 1809 680 1844 ad
703 1821 764 1845 eos
788 1811 984 1857 imperator
1011 1822 1086 1844 non
1110 1809 1234 1850 venit,
1263 1818 1382 1854 neque
1405 1811 1480 1840 tam
1502 1815 1563 1839 so-

118 1857 222 1892 licite
250 1857 324 1891 illis
362 1858 559 1903 prospexit.
620 1857 721 1891 Unde
752 1859 860 1892 etiam
892 1870 967 1892 non
993 1869 1012 1891 e
1040 1857 1144 1891 terris
1167 1856 1326 1901 aliquem
1356 1853 1564 1893 mortalem,

120 1903 186 1938 sed
221 1909 406 1950 tamquam
439 1903 562 1938 divum
596 1906 805 1951 quempiam
842 1917 861 1939 e
900 1906 1009 1939 caelis
1033 1904 1078 1937 ad
1103 1916 1141 1938 se
1173 1903 1312 1938 venisse
1338 1899 1569 1947 interpretati

121 1956 220 1989 sunt.
251 1951 387 1991 Persas,
411 1953 624 1996 compressis
648 1952 814 1994 Albanis,
836 1953 1030 1997 imperator
1054 1951 1210 1985 dimisit:
1238 1950 1302 1995 qui
1327 1960 1392 1994 per
1412 1947 1570 1981 Thessa-

119 1998 208 2032 liam
256 2003 295 2032 et
332 1998 517 2032 Botiaeam
541 1997 838 2033 Thessalonicam
862 1999 1119 2039 devenientes,
1151 1997 1237 2031 inde
1262 1995 1415 2030 navibus
1440 1995 1479 2028 in
1508 1994 1570 2027 It>-

119 2045 220 2080 niam
243 2045 532 2079 transmiserunt.
581 2047 701 2091 Ipsum
727 2052 846 2080 autem
871 2058 955 2080 cura
980 2046 1025 2079 de
1050 2045 1254 2089 irruptione
1277 2044 1315 2076 in
1333 2041 1570 2076 Acarnaniam

119 2091 312 2126 versabat:
340 2103 413 2137 quo
439 2091 558 2127 adhuc
582 2093 678 2138 apud
692 2093 870 2137 Balagrita
886 2091 1068 2134 morante,
1093 2091 1138 2125 de
1163 2092 1295 2125 infesto
1311 2091 1388 2123 eius
1413 2087 1570 2121 adventu

123 2139 221 2174 fama
244 2139 318 2173 iam
342 2139 545 2185 divulgata,
569 2140 704 2173 multus
730 2141 827 2174 inter
853 2141 1052 2174 Acarnanas
1090 2150 1206 2173 sermo
1233 2138 1314 2171 fuit„
1362 2137 1474 2170 Erant
1499 2135 1570 2180 igi-

121 2190 196 2228 tur,
220 2186 284 2232 qui
308 2197 430 2233 neque
455 2187 495 2219 in
519 2186 627 2220 urbes
654 2187 916 2221 admittendum
931 2212 942 2228 ‚
968 2197 1120 2232 nequea
1144 2190 1285 2218 vetusta
1310 2194 1392 2229 erga
1403 2182 1570 2227 Angelos,

125 2234 191 2280 qui
213 2233 322 2278 longo
346 2233 420 2266 iam
445 2244 534 2269 aevo
558 2234 646 2279 ipsis
675 2235 966 2280 imperstassent,
1009 2233 1266 2267 benevolentia
1296 2228 1568 2264 desciscendum

130 2285 253 2326 atque
276 2280 486 2325 imperatori
519 2280 689 2326 deinceps
725 2281 951 2326 parendum,
985 2279 1048 2314 sed
1081 2281 1205 2326 potius
1238 2278 1383 2324 reginae
1417 2277 1565 2317 Annae,

125 2326 271 2372 coniugi
288 2327 434 2361 Ioannis
453 2327 648 2373 despotae,
672 2328 768 2362 filiae
785 2327 1051 2374 protovestiarii
1078 2328 1202 2374 (quem
1226 2330 1448 2371 postremum
1474 2324 1569 2357 inter

125 2374 361 2420 imperatores
383 2373 522 2408 bellum
546 2375 773 2420 potissimum
793 2376 967 2409 excitasse
992 2372 1199 2417 docuimus)
1223 2378 1260 2406 et
1269 2370 1474 2416 Nicephoro
1491 2371 1569 2403 eius

127 2420 205 2454 filio
231 2425 439 2455 constanter
462 2421 571 2456 fidem
595 2421 808 2456 servandum
834 2433 911 2456 esse
941 2421 1148 2455 censebant.
1186 2421 1259 2454 Alii
1296 2424 1420 2452 contra
1452 2418 1570 2462 impe-

128 2473 286 2502 ratorem
321 2468 468 2502 omnino
503 2469 618 2514 recipi
666 2481 707 2503 ac
747 2470 839 2503 belli
879 2475 1074 2504 sementem
1106 2468 1187 2502 tolli
1215 2466 1396 2500 volebant.
1446 2463 1514 2497 Cui
1539 2464 1570 2498 si

128 2525 227 2549 nunc
251 2525 290 2548 se
312 2514 559 2557 tradidissent,
586 2521 624 2550 et
646 2516 828 2562 regionem
864 2522 902 2550 et
932 2517 1143 2561 semetipsos
1169 2514 1382 2548 bellicarum
1407 2510 1572 2544 miseria-

128 2571 208 2595 rum
245 2562 423 2596 immunes
456 2569 751 2605 conservaturos,
781 2563 1000 2610 reginaeque
1046 2574 1086 2596 ae
1129 2560 1335 2606 Nicephoro
1362 2561 1438 2592 cius
1464 2562 1570 2602 gnato

129 2607 377 2643 conducibilia
403 2608 451 2643 ab
476 2611 691 2654 imperatore
718 2611 917 2656 petituros:
941 2610 997 2644 sin
1021 2609 1067 2643 ad
1092 2620 1190 2642 arma
1214 2607 1390 2647 veniatur,
1414 2605 1571 2649 primum

129 2653 278 2700 quidem
301 2655 359 2690 illi
391 2656 557 2691 resistere
582 2669 656 2691 non
683 2668 811 2702 posse,
840 2668 914 2691 non
931 2655 1038 2690 modo
1068 2657 1155 2702 quia
1179 2655 1372 2689 exercitum
1396 2651 1573 2697 frequen-

106 2717 110 2721 ·
127 2706 201 2736 tem
222 2701 398 2738 adducat:
425 2714 549 2738 verum
564 2704 674 2740 etiam
699 2705 873 2751 quoniam
893 2704 958 2751 qui
979 2703 1036 2737 illi
1051 2714 1131 2737 cum
1149 2702 1265 2748 copiis
1284 2703 1464 2741 occurrat,
1488 2697 1572 2746 qui-
