1728 3158
414 362 742 405 1Aconl
819 362 1244 407 PONT-ANI

3 435 9 517 J
198 463 386 537 vlu
435 466 783 518 IOANNIS
831 466 1451 532 CANTACUZENI,

491 588 549 616 ΣΧ
599 587 832 616 elusum!
869 588 1140 616 nxsrontA.

74 757 280 837 joannis
294 819 309 843 ‚
337 787 537 830 Manuelis
564 795 605 828 et
624 787 797 828 aliorum
816 788 1205 842 Cantacuzenorum‚
1235 798 1283 832 ut
1294 791 1477 832 virorum
1497 793 1547 833 il-

36 858 287 908 ‘lusu-ium
332 862 374 896 et
401 854 702 906 bellicosorum,
736 855 920 894 meminit
945 855 1119 896 Nicetas.
1175 857 1290 909 Quos
1321 857 1388 898 hic
1412 866 1550 900 noster

27 935 29 937 ’
61 915 70 951 ·³
98 926 400 967 Guneuzenus
427 922 472 961 in
502 920 722 960 maioribus
752 921 834 960 suis
862 920 995 961 hahet.
1053 921 1166 961 Idem
1182 951 1194 975 ,
1231 923 1425 973 Ioannem
1455 926 1546 964 Ma-

27 1008 40 1023 ι
58 1011 71 1030 ‡
97 989 228 1034 mdis
274 988 528 1044 imperatoris
567 994 731 1041 neptem
745 1017 759 1041 ‚
810 986 936 1026 alium
985 987 1180 1029 Ioannem
1223 989 1548 1030 Cantacuzenum

105 1057 232 1097 lanei
275 1054 423 1110 Angeli
462 1067 642 1094 sororem
682 1054 725 1092 in
763 1054 1019 1092 matrimonio
1058 1054 1258 1095 habuisse.
1305 1056 1434 1097 Natus
1487 1065 1547 1097 est

32 1106 65 1147 ⁷⁹²
97 1122 293 1178 Byzantii.
347 1121 514 1161 Patrem
554 1135 579 1160 a
606 1119 807 1159 natalibus
837 1119 1016 1160 modeste
1050 1121 1256 1174 praedicat
1286 1121 1356 1162 lib.
1379 1123 1416 1162 3.
1455 1137 1548 1162 cum

95 1189 219 1241 dicit,
261 1184 313 1227 οὕ
353 1182 433 1241 γὰρ
471 1185 557 1226 τῶν
594 1185 757 1227 πολλῶν
795 1179 883 1237 εἷς,
924 1199 1008 1227 non
1044 1195 1138 1226 erat
1167 1200 1273 1226 unus
1305 1202 1328 1227 e
1375 1188 1546 1236 multis,

17 1248 61 1306 ζ ·
94 1268 168 1297 εσυ
211 1252 400 1308 vulgan's
415 1268 428 1292 .·
478 1259 519 1293 et
566 1251 714 1292 alicubi
761 1260 932 1292 matrem
978 1266 1093 1291 suam
1127 1252 1361 1307 Syrgiannis
1409 1253 1547 1307 appel-

30 1310 55 1356 ⁸3}
95 1321 154 1365 ht
178 1320 328 1373 θείαν,
355 1328 652 1367 materteram,
681 1332 754 1359 seu
790 1318 960 1358 amitam
974 1347 990 1366 ,
1016 1332 1088 1358 seu
1129 1318 1295 1359 demum
1329 1330 1548 1373 cognatam

23 1429 45 1448 ἢ
94 1401 213 1428 suam
233 1386 422 1442 (liberius
442 1388 550 1426 enim
569 1386 646 1425 hac
665 1399 765 1426 voce
783 1387 928 1437 utitur,
947 1392 994 1424 ut
1013 1384 1291 1438 docebimus);
1312 1401 1434 1440 quam
1453 1389 1544 1441 qui-

39 1448 43 1454 *
93 1453 188 1494 dem
215 1454 405 1494 seminam
424 1468 470 1494 ex
488 1452 594 1492 libro
613 1453 762 1506 primo,
793 1451 904 1491 haud
930 1451 1048 1505 longe
1076 1450 1128 1490 ab
1161 1452 1293 1503 initio,
1322 1453 1423 1492 scire
1453 1453 1546 1493 licet

1 1515 13 1549 V
35 1516 41 1562 s
94 1518 148 1560 ad
177 1520 439 1574 imperatores
462 1533 587 1574 genus
616 1517 814 1558 retulisse.
885 1518 996 1557 Puer
1025 1517 1157 1558 adhuc
1190 1524 1346 1571 patrem
1380 1520 1513 1559 amisit
1527 1534 1540 1559 ε

93 1587 165 1640 qui
193 1600 302 1626 anno
331 1587 472 1626 aetatis
501 1587 635 1640 primo
671 1599 795 1639 supra
823 1585 1061 1625 vicesimum
1075 1613 1087 1636 ‚
1126 1583 1403 1637 praefecturae
1447 1599 1544 1625 suae

18 1644 42 1671 ‘⁴‘
93 1651 457 1707 Peloponnesiacae
485 1660 646 1704 octavo,
685 1652 729 1690 in
761 1651 900 1690 eadem
930 1649 1142 1705 peninsula
1172 1649 1354 1694 decessit.
1412 1652 1543 1690 Mater

95 1717 204 1758 dicta
234 1725 295 1759 est
323 1719 539 1759 Theodora
553 1734 565 1758 :
607 1719 721 1758 cuius
750 1717 972 1758 avunculus
1001 1731 1170 1770 magnus
1185 1746 1197 1769 ,
1230 1717 1274 1757 id
1302 1724 1388 1770 est,
1429 1718 1544 1756 aviae

4 1823 17 1831 ‚⁸
95 1791 301 1824 maternae
318 1785 442 1824 frater
456 1815 469 1836 ‚
511 1783 685 1824 Michael
712 1785 868 1837 primus
888 1782 1152 1835 Palaeologus
1171 1783 1406 1835 imperator.
1459 1783 1542 1821 Ita-

12 1839 31 1871 Ῐ
93 1865 174 1904 que
203 1850 344 1890 effidem
386 1850 594 1890 Michaelis
634 1864 750 1890 soror
765 1880 778 1902 ,
829 1856 869 1888 et
902 1839 1168 1888 Cantacu'zeni
1195 1849 1379 1901 proavia.
1445 1847 1544 1888 Fuit

93 1916 312 1956 Theodora
338 1916 485 1956 mulier
513 1916 752 1970 prudentiae
776 1915 940 1954 maioris
954 1943 967 1966 ,
997 1927 1120 1967 quam
1149 1928 1225 1967 pro
1257 1921 1378 1967 captu
1409 1928 1547 1965 sexus.

23 1972 26 1974 v
94 1988 136 2022 et
163 1983 391 2022 tractationi
411 1996 550 2022 rerum
570 1983 754 2036 gravium
795 1988 916 2034 atque
942 1993 1181 2034 magnarum
1211 1979 1354 2019 idonea
1369 2009 1382 2032 ,
1417 1994 1541 2034 quam

1 2060 25 2076 ἰ
94 2047 295 2102 Gregoras
319 2055 427 2088 recte
455 2047 520 2087 his
548 2047 683 2088 verbis
715 2046 932 2087 celebravit
961 2046 1034 2086 lib.
1063 2061 1077 2086 1
1091 2061 1126 2085 ι.
1189 2046 1323 2100 Quam
1350 2047 1540 2085 assestri-

94 2126 184 2154 cem
219 2114 386 2166 coniugi
427 2114 658 2169 imperator
693 2113 952 2167 reliquerat,
1001 2113 1212 2152 senatoria
1242 2119 1462 2159 matrona,
1500 2120 1539 2151 et

91 2179 297 2232 gravitate
320 2193 483 2220 morum
513 2179 764 2234 conspicua,
808 2187 848 2219 et
873 2178 1078 2230 singulari
1105 2176 1334 2233 prudentia
1370 2185 1540 2224 ornata,

90 2258 145 2285 ac
169 2245 214 2284 in
245 2246 366 2286 rebus
399 2245 539 2286 dubiis
564 2245 779 2300 praesenti
800 2244 978 2284 consilio
1016 2244 1233 2284 instructa.
1302 2243 1403 2283 Eius
1433 2242 1538 2281 indi-

96 2311 286 2364 gnissima
316 2312 473 2351 vexatio
500 2318 666 2365 propter
696 2310 823 2350 filium
838 2339 850 2361 ‚
896 2318 936 2349 et
965 2324 1074 2349 mors
1105 2308 1375 2363 lacrymabilis
1404 2308 1475 2348 lib.
1495 2310 1537 2348 5.

3 2388 5 2396 ¹
76 2389 187 2429 ‚cap.
211 2390 279 2415 22.
303 2375 371 2416 26.
395 2376 463 2417 36.
495 2379 721 2435 exponitur.
798 2376 1015 2430 Nicephori
1044 2376 1308 2415 Cantacuzeni
1325 2405 1337 2426 ‚
1379 2382 1419 2414 et
1448 2376 1538 2414 Ma-

97 2441 228 2481 nuelis
257 2442 551 2483 Tarchaniotae
566 2474 578 2495 ‚
617 2443 724 2483 illius
754 2442 945 2496 patruelis
961 2471 972 2493 ‚
1019 2441 1141 2481 huius
1170 2442 1427 2492 consobrini,
1470 2448 1540 2480 aut

98 2520 146 2546 ex
174 2521 312 2547 sorore
337 2510 494 2562 nepotis
519 2509 593 2549 lib.
616 2523 657 2548 2.
679 2523 770 2562 cap.
792 2507 832 2550 8.
852 2508 1048 2547 meminit.
1115 2508 1308 2547 Ioannem
1336 2507 1538 2561 Angelum

98 2567 349 2627 ἕξᾶδελφον,
388 2581 429 2614 et
457 2568 634 2626 ἀνεψιὸν
661 2573 842 2614 similiter
870 2573 1045 2627 appellat
1058 2602 1071 2624 ‚
1111 2581 1151 2613 et
1180 2587 1226 2613 cx
1247 2572 1386 2613 eadem
1405 2572 1540 2614 radice

100 2637 294 2691 prodiisse
313 2640 462 2684 scribit,
529 2641 683 2681 Mentio
703 2647 837 2680 autem
855 2641 1003 2681 sororis
1024 2647 1083 2680 est
1101 2638 1171 2680 lib.
1191 2640 1229 2683 3.
1249 2654 1338 2693 cap.
1359 2638 1428 2678 26.

680 2805 699 2816 a
