1760 3152
264 130 419 178 XXXVI
546 129 578 166 1.
604 123 836 167 PONTANI
862 123 1195 165 EXPLANATIO
1222 123 1576 169 DIGNITATUM.

264 236 347 273 sive
364 232 534 285 legiones
563 226 705 276 dictae,
732 227 986 280 postmodum
1015 228 1226 266 imminuta
1250 226 1423 267 Heraciii
1445 216 1713 284 tempolibusss

241 289 440 326 [Romana
471 282 647 337 potentia
673 287 712 319 et
731 287 911 320 truncato
932 282 1116 334 imperio,
1146 277 1341 333 θεμάτων
1365 295 1511 323 nomen
1538 275 1711 339 accepei

263 348 372 389 runt,
402 344 576 377 carentes
600 336 680 374 iam
697 336 822 374 veteri
842 336 1101 388 amplitudine
1125 349 1210 374 sua.
1266 335 1370 374 Vide
1393 336 1573 377 libellum
1591 339 1691 379 Con·
1708 341 1721 383 ἵ

263 394 422 433 stantini
446 391 847 444 Porphyrogennetae
874 390 923 429 de
942 390 1182 429 thematibus
1209 391 1291 429 sive
1310 390 1360 428 de
1379 390 1601 443 agminibus
1622 384 1733 437 mirsi:

263 447 442 487 litaribus
469 460 541 499 per
565 445 777 500 imperium
794 444 983 483 orientale
1002 445 1235 483 distributis.
1293 444 1370 483 Hic
1387 444 1608 498 praefectus
1622 447 1695 488 hu«
1710 437 1739 474 ⁷¹¹*

262 500 479 594 iuscgmodi
505 500 706 554 agminum
733 513 805 554 per
824 499 1037 539 occidentis
1074 499 1198 538 urbes'
1218 498 1520 540 distributorum
1552 501 1692 542 intelli·
1707 494 1740 531 ἶ»

291 569 340 595 en
369 570 415 594 us
445 561 519 594 est.
1520 571 1522 574 ’
1723 548 1737 587 ‘2³

265 571 290 609 g
371 607 520 659 Μέγας
533 603 764 660 Διοικητὴς,
819 607 1000 659 Magnus
1046 605 1362 648 administrator
1387 609 1474 649 sive
1490 622 1692 665 procura·

265 671 343 708 tur.
398 662 510 703 Nihil
538 662 587 700 de
615 661 690 700 hoc
718 661 972 714 Curopalata.
1732 651 1743 663 ’“

370 716 520 769 Μέγας
532 713 660 765 Δοὺξ,
690 715 867 767 Magnus
890 717 1003 754 Dux.
1025 715 1372 765 Quemadmodum
1381 730 1547 771 magnus
1561 718 1713 758 dome-¹

265 774 385 812 sticus
404 772 588 825 princeps
616 777 655 808 et
673 777 790 821 caput
805 776 863 808 est
877 769 927 807 ad
944 770 1175 808 universum
1195 770 1401 821 fossatum,
1416 772 1526 825 (quid
1543 773 1593 812 sit
1601 773 1698 827 fos·

263 835 413 874 satum,
444 839 516 865 suo
534 824 621 863 loco
642 822 928 876 explicabitur,)
949 824 1004 862 sic
1023 825 1142 862 etiam
1162 824 1228 863 hie
1251 824 1302 863 ad
1318 826 1552 866 universum
1570 839 1695 867 mare.

264 879 327 919 Ae
364 881 482 919 ceteri
515 878 674 932 quidem
691 879 885 931 principes
907 877 993 917 aliis
1018 878 1137 917 rebus
1157 879 1326 918 instituti
1353 887 1399 919 ut
1421 881 1566 934 capita,
1587 895 1701 935 prae-¹
1747 885 1750 904 ³

264 935 397 973 serunt
419 941 651 974 consuetum
675 932 922 985 imperatoris
941 931 1185 984 flammeum,
1214 940 1283 972 aut
1310 936 1500 974 exercitus
1518 934 1696 976 flamme-

208 1022 211 1026 .
262 1003 333 1028 um
353 1003 445 1028 cum
463 988 596 1042 ignitis
621 987 724 1025 telis.
782 987 951 1038 Magnus
980 987 1059 1026 dux
1079 995 1242 1026 contum
1258 988 1430 1041 praefert
1445 989 1697 1043 imperatoris
1715 999 1717 1002 ⁴
1736 986 1747 1002 '³

261 1043 468 1090 insidentis
488 1056 606 1096 equo.
664 1040 794 1079 Habet
812 1048 944 1079 autem
964 1041 1158 1081 subiectos
1177 1042 1252 1080 sibi
1269 1056 1459 1096 magnum
1479 1044 1696 1098 Drungari-

262 1110 332 1136 um
350 1098 482 1137 classis
496 1125 508 1147 ,
537 1094 784 1135 Ameralium
799 1102 875 1133 etc.
904 1095 1008 1134 Vide
1030 1095 1310 1150 Curopalatam
1339 1103 1378 1136 et
1394 1097 1645 1139 scholiasten.
1759 1133 1760 1142 ,

371 1147 727 1204 Πρωτοσέβαστος
742 1178 753 1200 ,
782 1149 1112 1201 Primaugustus.
1168 1150 1335 1197 Nullum
1353 1152 1616 1192 ministerium
1631 1153 1699 1194 ha·
1735 1178 1739 1195 ,ε
1759 1159 1760 1163 ’

263 1206 346 1255 bet,
368 1207 463 1259 quia
480 1218 561 1245 non
584 1203 734 1241 functio
760 1210 818 1242 est
831 1202 978 1256 palatio
1013 1203 1186 1243 militans
1201 1234 1212 1255 ,
1251 1205 1320 1244 sed
1340 1205 1511 1259 dignitas
1532 1206 1697 1248 honora·

262 1261 339 1310 ria,
360 1274 481 1315 quam
500 1272 581 1298 non
599 1259 807 1296 ministerii
835 1265 903 1296 aut
911 1258 1061 1297 ordinis
1079 1260 1287 1299 necessitas
1312 1259 1422 1313 facit,
1447 1261 1516 1301 sed
1534 1263 1698 1317 impera·
1751 1251 1753 1253 ι

265 1317 363 1353 toris
383 1312 569 1353 εὐδοκία.
765 1330 770 1335 ’
1754 1339 1760 1347 ·

372 1367 523 1420 Μέγας
548 1364 883 1419 Χαρτουλάριος,
913 1366 1092 1420 Magnus
1118 1367 1409 1410 chartularius.
1447 1369 1610 1424 Equum
1627 1372 1698 1410 im·
1737 1404 1746 1419 ἴ

262 1423 453 1475 peratoris
479 1435 503 1460 a
529 1428 814 1475 protostratore
848 1429 1072 1474 susceptum
1089 1452 1100 1472 ,
1130 1430 1206 1461 ete.
1262 1424 1366 1463 Vide
1385 1437 1488 1478 quae
1515 1439 1635 1479 supra
1661 1427 1704 1465 in
1724 1423 1757 1463 Ῥῗτ

261 1484 547 1530 protostratore
568 1476 672 1515 dicta
691 1484 797 1515 sunt.
843 1474 1121 1515 Stallmaister
1135 1477 1342 1518 Germanis
1367 1479 1445 1518 dici
1462 1486 1576 1532 putat
1594 1471 1716 1519 schoss
1736 1471 1754 1521 “f

264 1531 394 1570 liasta.
447 1532 622 1570 Zonaras
646 1531 688 1568 in
716 1531 851 1569 Leone
865 1530 1000 1568 Isauro
1018 1558 1030 1581 ,
1058 1537 1168 1570 tomo
1185 1533 1302 1571 tertio
1320 1531 1553 1584 Annalium,
1574 1541 1701 1587 poste⁴

261 1586 433 1625 rioribus
457 1585 703 1638 temporibus
731 1581 803 1624 τὸν
828 1583 911 1623 τῶν
936 1584 1160 1636 βασιλικῶν
1178 1582 1415 1638 ἱπποκόμων
1438 1586 1700 1629 §azaz-aromo·
1719 1590 1722 1592 ’
1758 1609 1760 1615 2

260 1653 315 1679 τα
348 1639 589 1693 appellatum
612 1638 749 1678 tradit.
1758 1629 1760 1644 ³

373 1690 653 1747 Πριμικὴριος
678 1691 829 1744 αὐλῆς,
870 1692 1009 1732 Αιιῖαε
1028 1694 1307 1747 primicerius.
1379 1695 1511 1735 Habet
1538 1695 1700 1749 quidem
1758 1731 1760 1736 .

260 1750 303 1788 in
325 1749 642 1788 circumstatione
678 1747 1058 1786 administrationem
1074 1777 1085 1798 ,
1117 1748 1276 1801 qualem
1302 1755 1394 1788 ante
1427 1750 1612 1802 diximus,
1641 1765 1701 1790 or·

261 1805 355 1842 dine
372 1817 468 1843 vero
487 1802 654 1842 collocat
676 1802 794 1840 etiam
816 1815 969 1851 omneS,
996 1803 1065 1854 qui
1080 1803 1122 1841 in
1144 1802 1235 1842 aula
1254 1810 1360 1842 sunt.
1390 1804 1451 1843 Ut
1469 1805 1576 1844 enim
1595 1806 1700 1858 prin-
1740 1814 1741 1818 ’
1757 1803 1760 1823 ³

262 1872 354 1910 ceps
396 1859 563 1911 quisque
604 1870 720 1895 suum
762 1863 801 1894 et
829 1858 1086 1894 constitutum
1120 1856 1254 1896 locum
1279 1857 1330 1895 ad
1364 1859 1701 1898 circumstantium

261 1912 396 1951 habet:
429 1914 483 1951 sic
501 1913 619 1950 etiam
635 1911 808 1962 ordines,
822 1911 892 1963 qui
909 1912 949 1949 in
964 1910 1055 1949 aula
1072 1918 1180 1964 sunt,
1206 1911 1349 1964 singuli
1365 1914 1572 1967 proprium
1584 1927 1702 1953 suum

262 1967 396 2006 locum
414 1967 608 2005 obtinent.
1750 2002 1752 2007 .

373 2014 724 2073 Πρωτοκυνηγὸς,
756 2016 799 2058 V
798 2027 1012 2058 enatorum
1033 2019 1244 2073 princeps,
1272 2018 1586 2071 Jiigermaister.
1627 2022 1702 2061 Im·
1747 2035 1753 2062 1

263 2083 444 2129 peratore
467 2073 752 2112 conscendente
780 2087 943 2126 equum,
967 2086 1083 2111 nemo
1099 2072 1199 2112 alius
1218 2080 1375 2126 praeter
1400 2074 1508 2115 hunc
1534 2077 1703 2130 stapiam
1757 2074 1760 2081 “

263 2138 387 2182 tenet,
408 2143 499 2168 cum
522 2141 707 2180 praesens
727 2133 800 2166 est.
865 2128 1028 2166 Praeest
1046 2140 1142 2166 vero
1168 2128 1216 2166 iis
1240 2129 1514 2182 venatoribus,
1543 2132 1614 2184 qui
1639 2145 1703 2170 cu-

264 2193 415 2225 ratores
435 2197 579 2222 canum
599 2181 864 2235 appellantur.
922 2181 1042 2231 Quod
1073 2182 1106 2220 si
1135 2182 1295 2234 quando
1313 2184 1579 2236 imperatoris,
1609 2189 1702 2223 cum
1745 2206 1751 2213 =

264 2241 308 2277 in
329 2239 537 2278 venatione
551 2243 624 2286 est,
645 2242 794 2274 vestem
812 2235 987 2288 aliquam
1000 2237 1189 2289 sanguine
1208 2238 1360 2291 aspergi
1378 2240 1602 2292 contigerit,
1613 2253 1702 2278 eam
1744 2245 1748 2248 “

265 2293 331 2332 hie
352 2300 518 2333 venator
537 2291 679 2342 accipit
696 2305 740 2329 ex
766 2288 972 2329 beneficio.
1432 2306 1434 2317 ⁴

377 2343 582 2400 Πραίτωρ
605 2342 943 2396 ὃήμου,Ρι·αειον
956 2358 1011 2397 ρο
1043 2345 1114 2385 uli.
1145 2345 1307 2385 Nullam
1321 2347 1702 2387 administrationem
1756 2360 1760 2362 ·

266 2401 387 2440 habet
413 2403 454 2440 in
482 2400 571 2440 aula
588 2399 777 2453 palatina,
809 2399 874 2438 sed
896 2399 939 2437 in
962 2413 1011 2437 ur
1041 2412 1088 2451 e,
1116 2407 1157 2439 et
1172 2401 1368 2441 urbanam
1394 2401 1538 2443 solum.
1701 2410 1704 2415 ’
