1852 3146
350 54 458 111 250
856 68 1239 114 ³(3AN'1.’2⁴icthEN1

151 178 237 217 ΔΩ.
253 180 336 226 1327
346 180 430 224 τοῖς
459 170 868 227 νπεπλημμελημένοις
905 170 1058 228 ἐδόθη,
1088 168 1140 217 ἄν
1179 188 1224 216 τε
1253 171 1357 230 πρὸς
1382 173 1496 227 θεὸν,
1524 167 1652 216 dms
1671 173 1775 230 ,πρὸς

308 235 593 293 ῦᾶνθριόπους
617 236 644 293 ἦ
672 237 930 292 πλημμέλεια
956 232 1000 294 ᾖ.
1033 237 1107 280 οὐκ
1134 233 1186 280 ἂν
1215 239 1261 281 δὲ
1286 239 1508 294 μεταγνοίη
1534 254 1611 292 τις,
1639 233 1690 289 ἂν
1712 235 1772 292 μῆ

345 301 545 358 πρότερον
571 297 812 344 ὖπεύθυνον
837 303 1012 355 νομίσας
1037 299 1210 356 ἑαυτὸν,
1244 301 1517 360 μετριώτερός
1543 319 1590 347 τε
1612 304 1775 360 γένηται

345 365 495 410 ἑαυτοῦ
535 367 610 408 καί
634 367 775 423 φέρων
801 361 946 410 ἑαυτὸν
972 368 1030 425 τῷ
1055 370 1155 423 παρ’
1183 363 1311 410 advo&
1323 369 1511 416 δοκοῦντι
1537 365 1776 428 ἦδιιςῆσθαι,

345 430 581 488 ὑποχείριον
607 430 774 489 ποιήσῃ.
801 432 923 473 τοῦτο
949 431 1088 474 τοίνυν
1113 432 1308 486 βασιλεὺς
1334 431 1355 475 ὅ
1384 432 1458 483 σὸς
1483 431 1645 489 ἔγγονος
1670 430 1802 489 πρό-5

344 494 464 552 τερόν
489 511 532 538 τε
561 494 755 553 φαίνεται
779 494 980 552 ποιήσας,
1021 496 1096 540 καὶ
1118 499 1278 551 μᾶλλον
1319 493 1348 554 ἢ
1385 500 1566 555 προσῆκε
1606 497 1679 542 καὶ
1701 497 1776 540 νῦν

346 558 395 604 οὔ
395 578 427 616 χ
448 558 610 616 ἥκιστα.
624 562 698 604 καί
721 560 802 618 γὰρ
830 559 926 604 τότε
945 562 1186 616 δυνάμενος,
1206 561 1318 619 εἴπερ
1339 559 1548 619 ἧβούλετο,
1569 564 1645 620 τῆς
1664 563 1778 606 Ῥω-

343 628 481 681 μαίων
507 623 725 683 ἧγεμονίας
754 627 830 671 οὐκ
857 625 1028 670 ἔλαττον
1051 630 1178 684 μέρος
1208 626 1488 684 παρασπάσας
1523 627 1658 684 ἔχειν,
1703 623 1779 670 οὔκ

342 688 558 748 ἠθέλησεν,
585 690 691 734 α’λλοὶ
721 694 862 749 φέρων
889 690 1042 735 ἑαυτὸν
1066 692 1247 744 ύπέταξέ
1273 708 1366 747 σοι,
1394 695 1467 736 καί
1489 696 1624 738 ταῦτα
1649 694 1779 749 μηδε-

344 756 445 809 μίαν
472 754 611 799 αἰτίαν
636 753 742 813 πρὸς
766 755 839 800 τὸν
862 755 1043 812 πόλεμον
1070 760 1223 815 ἐκεῖνον
1249 756 1496 814 παρασχών·
1520 757 1605 814 καὶ,
1632 755 1679 802 τὸ
1701 757 1832 811 μέ-ιο

310 831 516 877 Βγιστον,
546 818 624 878 ὅτι,
651 823 725 877 τῆς
750 822 913 880 εἰρήνης
937 825 1172 879 γενομένης,
1197 821 1299 879 πρός
1324 839 1372 866 σε
1399 820 1548 877 ἐλθοόν,
1577 822 1655 865 οὔκ
1679 819 1782 878 ἧθέ-
1851 821 1852 835 ’

346 889 471 942 λησεν
500 885 676 945 ἔφιππός
701 904 768 932 σοι
796 891 1068 945 προσελθεῖν,
1096 885 1233 944 ὥσπερ
1263 887 1389 943 νόμος
1414 893 1500 938 τοῖς
1524 889 1780 943 βασιλεῦσιν,

345 950 453 995 ἀλλὰ
480 947 581 1010 πεζῇ
604 969 651 996 τε
676 952 956 1011 προσεκύνησε
983 955 1055 996 καί
1079 949 1294 1010 ἧσπάσατό
1319 969 1396 997 σου
1422 952 1496 998 τὸν
1522 952 1648 1007 πόδα,
1676 947 1779 1008 ὅπερ

346 1018 539 1068 δουλείας
566 1015 764 1073 ἀκριβοῦς
790 1017 1010 1076 τεκμήριον
1034 1014 1105 1074 ἧν.
1134 1018 1206 1061 καί
1229 1021 1304 1062 νῦν
1330 1021 1408 1062 τοῦ
1434 1019 1613 1077 πολέμου
1641 1032 1781 1061 κινου-

347 1084 476 1136 μένου
497 1085 679 1137 removi,
707 1085 907 1127 τοσοῦτον
926 1083 1079 1141 χρόνον
1104 1083 1348 1140 καθήμενος,
1370 1085 1510 1127 δεῖταί
1523 1099 1602 1127 σου
1623 1080 1684 1138 μὴ
1705 1080 1781 1138 τήν
1788 1091 1836 1134 15

347 1147 512 1203 εἰρήνην
537 1151 792 1192 καταλῦσαι.
819 1148 1022 1193 ἐλθόντων
1051 1150 1097 1192 δὲ
1123 1151 1196 1192 καί
1221 1151 1304 1192 τῶν
1332 1150 1562 1207 ἀρχιερέων
1587 1148 1661 1204 καὶ
1679 1162 1782 1203 συγ-

345 1215 558 1268 κλητικῶν,
578 1210 650 1264 οὓς
669 1212 859 1268 ἔπεμψας
876 1213 977 1271 πρὸς
1001 1214 1138 1269 αὐτὸν,
1166 1216 1329 1271 πρῶτον
1351 1214 1430 1269 μὲν
1452 1214 1661 1264 ἀπέδειξεν
1676 1209 1783 1268 ,ἔαυ-

344 1275 417 1321 τὸν
443 1279 575 1335 μηδὲν
601 1278 825 1322 ἀδικοῦντα
849 1278 952 1334 μετὰ
980 1282 1137 1323 πολλοῦ
1171 1280 1247 1324 τοῦ
1284 1278 1514 1338 περιόντος,
1557 1279 1650 1322 ἀλλ’
1687 1277 1783 1327 dch-
1795 1307 1829 1340 ι,

347 1342 547 1397 κούμενον
572 1342 647 1386 καὶ
671 1342 1080 1402 συκοφαντούμενον·
1116 1343 1261 1388 ἔπειτα
1289 1346 1336 1388 δὲ
1361 1344 1435 1388 καὶ
1458 1345 1538 1389 τοῦ
1563 1342 1622 1400 μὴ
1650 1343 1784 1399 λυθῆ-

203 1409 343 1460 ,Ὑ-194
353 1424 422 1450 ναι
446 1406 522 1464 τήν
547 1407 713 1465 εἰρήνην
739 1407 828 1453 εἶπέ
855 1426 900 1454 τε
926 1409 1058 1453 πολλοὶ
1086 1412 1159 1452 καὶ
1183 1409 1360 1467 ἔπραξεν
1396 1407 1492 1461 ἄξια
1518 1409 1664 1465 λόγου,
1709 1408 1837 1453 καίαο

348 1471 453 1530 πρὸς
479 1475 528 1516 σὲ
551 1472 762 1529 μεμήνυκε
789 1473 934 1529 πολλὰ,
961 1472 1066 1532 ἅπερ
1097 1472 1223 1525 αὖτός
1248 1491 1294 1518 τε
1321 1475 1504 1526 α’κούσας
1529 1476 1615 1533 θεῷ
1640 1488 1687 1517 τε
1711 1473 1785 1515 εὖ·
1849 1471 1852 1483 ¹

226 1549 263 1586 Ρ.
273 1547 341 1585 155
345 1538 581 1595 χαριοτησα
606 1541 663 1598 τῷ
688 1538 886 1596 τοιαύτην
910 1537 1024 1598 αύτῷ
1051 1537 1217 1583 σύνεσιν
1250 1541 1521 1598 χαρισαμένῳ
1570 1540 1644 1582 καί
1680 1538 1786 1581 ἐκεῖ..

349 1620 419 1646 νον
445 1604 627 1662 ἐπῄνεσα
650 1607 725 1660 τῆς
752 1605 1073 1659 καλοκάγαθίας,
1099 1604 1173 1646 καί
1197 1606 1245 1647 σὲ
1273 1604 1516 1660 ἐλογιζόμην
1541 1606 1677 1647 ταῦτα
1703 1620 1785 1646 πυ-

350 1668 550 1723 θόμενον,
586 1670 672 1726 θεῷ
707 1685 753 1712 τε
789 1667 921 1725 χάριν
957 1668 1205 1725 ὁμολογήσαι
1244 1670 1319 1712 καί
1343 1668 1418 1712 τὸν
1443 1666 1535 1714 υἱὸν
1558 1669 1786 1725 πέμψαντα

443 1759 476 1793 9.
501 1747 652 1788 ἐπέταξε
673 1747 868 1794 legebatur.

351 1819 415 1849 tua
440 1820 575 1849 curato.
623 1815 799 1850 Omnibus
826 1817 951 1862 itaque
981 1814 1214 1863 peccantibus
1245 1824 1434 1850 commune
1461 1814 1659 1850 remedium
1679 1815 1785 1851 dolor

354 1862 400 1896 de
435 1862 592 1907 peccatis
616 1862 873 1907 praescribitur
888 1887 899 1904 ,
925 1862 999 1896 sive
1032 1863 1071 1896 in
1097 1862 1233 1904 Deum,
1258 1863 1333 1896 sive
1356 1862 1394 1895 in
1417 1861 1582 1896 homines
1605 1865 1784 1896 offensum

354 1909 412 1942 sit.
438 1908 548 1953 Atqui
572 1920 677 1942 nemo
702 1910 900 1954 resipiscet,
923 1909 963 1943 ni
987 1909 1099 1952 prius,
1123 1909 1228 1953 culpa
1248 1908 1379 1954 agnita,
1403 1919 1441 1941 se
1462 1909 1541 1954 ipso
1565 1908 1784 1943 moderatior

354 1955 530 1995 evaserit,
557 1955 613 1989 illi
639 1966 676 1988 se
699 1956 937 1995 submittens,
968 1955 1030 2001 qui
1054 1965 1092 1988 se
1117 1954 1162 1988 ab
1187 1954 1265 1999 ipso
1291 1955 1428 1988 laesum
1454 1959 1569 1999 putat.
1617 1954 1693 1988 Hoc
1717 1960 1784 1996 est,

355 1999 453 2045 quod
476 2006 648 2045 nepotem
680 2006 782 2035 tuum
816 2006 853 2035 et
883 2002 982 2046 prius
1014 2001 1096 2045 plus
1133 2012 1268 2046 aequo,
1303 2006 1340 2034 et
1374 2012 1471 2034 nunc
1503 2001 1784 2035 cumulatissime

352 2047 481 2080 fecisse
502 2052 649 2080 constat.
697 2047 788 2081 Nam
814 2059 892 2080 cum
925 2048 1100 2092 potuisset
1121 2052 1208 2080 tunc
1239 2057 1360 2091 parem
1382 2047 1606 2092 principatus
1634 2047 1785 2081 Romani

352 2098 491 2147 partem
514 2093 584 2127 tibi
609 2094 765 2129 ablatam
790 2092 992 2138 possidere,
1026 2099 1146 2126 tamen
1178 2093 1319 2137 noluit3
1346 2093 1409 2127 sed
1438 2092 1510 2127 tibi
1542 2104 1581 2127 se
1607 2093 1786 2134 subiecit,

353 2138 466 2184 idque
485 2150 563 2171 cum
582 2139 680 2174 bello
701 2140 945 2173 ulciscendum
961 2138 1055 2173 nihil
1074 2140 1304 2184 peccavisset:
1331 2139 1500 2186 quodque
1514 2145 1621 2184 caput
1636 2145 1702 2182 est,
1717 2151 1786 2185 pa-

354 2195 395 2219 ce
421 2186 622 2223 conciliata,
639 2187 686 2220 ad
704 2192 740 2220 te
757 2187 917 2227 veniens,
941 2187 981 2220 in
1003 2197 1096 2231 equo
1120 2187 1267 2231 propius
1280 2184 1489 2232 adequitare
1516 2187 1696 2231 pepercit:
1721 2186 1786 2220 sed

354 2229 522 2310 pedester
534 2236 570 2265 te
593 2232 754 2267 adoravit
765 2239 937 2278 tuumque
957 2232 1086 2278 pedem
1105 2233 1284 2265 osculatus
1302 2228 1365 2266 est.
1393 2233 1437 2265 Et
1446 2244 1542 2266 nunc
1554 2238 1636 2277 post
1647 2232 1786 2266 bellum

383 2288 423 2309 oc
442 2278 635 2311 excitatum
657 2278 795 2312 tamdiu
817 2279 929 2320 sedet,
953 2279 1164 2323 suppliciter
1185 2289 1298 2319 oranS,
1327 2289 1373 2312 ne
1383 2290 1506 2323 pacem
1527 2278 1616 2312 velis
1633 2279 1784 2316 irritam.

354 2322 542 2367 Episcopis
567 2330 603 2358 et
615 2325 832 2369 primoribus
852 2325 913 2358 abs
937 2330 973 2359 te
996 2324 1127 2365 missis,
1153 2325 1306 2368 primum
1327 2324 1474 2370 quidem
1492 2324 1636 2370 copiose
1659 2329 1786 2358 osten—

357 2369 424 2410 dit,
447 2369 541 2402 nihil
566 2381 604 2404 se
627 2372 839 2406 iniuriarum
865 2372 1050 2412 intulisse,
1076 2370 1164 2417 quin
1183 2371 1304 2414 potius
1327 2372 1507 2416 accepisse
1542 2375 1579 2404 et
1601 2370 1781 2403 obtrecta-

356 2415 520 2449 tionibus
547 2418 762 2460 exagitatum
788 2418 908 2451 fuisse.
956 2416 1098 2452 Deinde
1124 2419 1220 2461 pacis
1254 2416 1516 2450 conservandae
1548 2416 1661 2451 multa
1688 2416 1784 2449 dixit

357 2462 518 2506 fecitque
541 2463 788 2497 memorabilia
804 2488 813 2504 ,
848 2469 884 2498 et
909 2465 1022 2499 multa
1045 2463 1090 2497 ad
1114 2468 1151 2496 te
1173 2462 1384 2507 perferenda
1413 2463 1608 2504 commisit;
1649 2462 1783 2507 quibus

357 2507 491 2541 auditis
506 2534 516 2549 ,
547 2514 586 2543 et
608 2509 686 2542 Deo
711 2510 839 2554 gratias
865 2511 942 2554 egi,
977 2511 1040 2556 qui
1064 2509 1130 2542 tali
1154 2519 1235 2542 eum
1261 2508 1452 2552 prudentia
1475 2512 1654 2549 ornasset,
1676 2513 1714 2541 et
1737 2507 1784 2541 <le

357 2553 538 2599 probitate
574 2554 728 2589 eundem
764 2555 1027 2597 commendavi,
1053 2566 1093 2588 ac
1115 2560 1165 2594 te,
1197 2554 1324 2587 iisdem
1357 2553 1504 2594 auditis,
1540 2554 1617 2587 Deo
1652 2555 1783 2599 gratias

358 2601 470 2645 egisse
495 2601 689 2644 opinabar,
724 2602 913 2647 missisque
939 2603 1043 2636 certis
1067 2600 1297 2641 hominibus,
1330 2599 1444 2632 filium
1469 2598 1514 2633 ad
1538 2603 1575 2633 te
1599 2601 1784 2646 quampri-

358 2657 452 2681 mum
485 2646 734 2683 adducendum
768 2649 964 2689 curavisse,
998 2648 1092 2682 mala
1128 2646 1356 2682 imminentia
1387 2645 1614 2691 profligasse,
1659 2656 1783 2682 omues
