1786 3126
293 87 312 122 1
326 87 356 122 2
819 80 1169 125 CANTACUzEN
1171 83 1187 121 1

241 182 548 239 Ῑ)Ἀνδρόνικον
574 179 647 223 καὶ
666 180 873 238 Μανουῆλ
894 179 964 226 τὸν
998 181 1220 237 δεσπότην,
1250 178 1324 222 καὶ
1357 180 1607 240 θυγατέρας,
1625 179 1728 230 ’.Αν-

281 265 358 291 ναν
378 247 450 290 καί
461 247 693 303 Θεοδώραν.
719 244 777 289 “A
797 249 876 300 μὲν
899 242 972 289 οὖν
995 246 1254 302 συμβέβηκεν
1274 244 1348 288 ἐπὶ
1366 248 1450 288 τῶν
1468 247 1728 307 ἀναγεγραμ-

281 315 416 367 μένων
435 313 664 367 βασιλέων,
693 307 776 355 ἀπὸ
798 313 880 354 τῶν
916 313 990 353 τοῦ
1014 311 1211 368 Λάσκαρι
1233 309 1394 367 χρόνων
1421 306 1525 370 ἄχρι
1543 313 1734 372 Μιχαὴλ

280 379 484 432 βασιλέως
517 378 593 419 τοῦ
631 379 715 420 τῶν
747 375 1048 430 Παλαιολόγων
1085 376 1308 432 δευτέρου,
1370 381 1533 429 πολλοῖς
1565 381 1726 438 ἐγένετο

279 440 606 499 συγγράψασθαι
626 441 885 495 Δσπούδασμα
922 437 968 483 οὗ
990 438 1150 496 μικρόν·
1198 441 1242 492 ἐξ
1264 435 1323 483 ὧν
1344 441 1536 492 αὐτός’τε
1569 442 1624 487 σύ
1655 444 1751 490 καὶὸ

280 505 326 549 εἴ
340 524 403 557 τις
423 508 561 563 ἕτερος
591 508 802 562 βούλοιτο,
842 505 1041 562 δυνηθείη
1074 502 1124 547 ἂν
1155 501 1335 563 ἀκριβῶς
1354 509 1511 560 μαθεῖν
1531 507 1631 567 περὶ
1644 511 1727 553 τῶν

204 582 239 615 P.
257 573 606 628 6πεπραγμένων·
644 570 689 615 εἴ
713 588 759 627 γε
790 571 850 628 μὴ
875 568 1072 626 κάκεῖνοι,
1114 576 1208 621 ταῖς
1228 568 1552 628 προρῥηθείσαις
1580 575 1728 630 ὄνσχε..

278 638 422 687 θέντες
441 637 618 691 αἰτίαις,
655 635 704 680 τὸ
722 639 801 692 μὲν
822 634 961 694 ἀληθῆ
981 637 1111 692 λέγειν
1140 635 1286 679 εἴασαν
1306 637 1493 694 χαίρειν,
1514 639 1656 688 ,αὐτοὶ
1678 642 1726 684 δὲ

278 698 388 752 ὅπως
415 704 513 745 ποτὲ
546 701 694 757 ἔτυχον
726 701 976 756 διακείμενοι
1010 700 1108 758 περὶ
1139 696 1197 744 ὧν
1231 702 1480 758 διελέγοντο,
1529 701 1652 752 οὕτω,
1671 703 1724 761 δὴ

278 766 353 809 καί
381 766 456 824 τὴν
488 767 673 823 διήγησιν
708 763 926 810 ἀπέδωκαν
964 768 1050 809 τῶν
1083 767 1360 823 πραγμάτων,
1410 764 1551 824 ἀρκεῖν
1582 769 1743 820 αὖτοῖςι

276 831 495 887 ἡγούμενοι
516 830 617 888 πρὸς
635 828 904 886 ἀντιμισθίαν
924 833 1007 874 τῶν
1027 831 1173 886 πόνων,
1195 827 1223 887 ἢ
1243 830 1314 874 τὸν
1336 833 1582 888 φιλούμενον
1602 835 1722 876 ἐπαι-

277 898 420 951 νέσαι,
461 892 489 954 ἢ
511 894 582 940 τὸν
609 896 858 951 μισούμενον
877 895 1159 952 καθυβρίσαι,
1208 898 1282 952 τῆς
1305 898 1346 938 δ’
1365 893 1565 953 ἀληθείας
1588 901 1722 955 μηδὲν

246 972 273 1006 Β
286 961 589 1019 φροντίσαντες.
628 963 673 1015 ἐξ
694 959 789 1004 ὅτου
813 955 852 1006 δ’
873 961 895 1005 ὅ
918 960 1114 1016 βασιλεὺς
1133 959 1354 1016 Μιχαὴλ,
1377 964 1462 1005 τῶν
1484 958 1723 1007 Παλαιολό..

274 1043 358 1082 γων
382 1027 403 1071 ὃ
428 1027 620 1084 δεύτερος
643 1025 801 1083 δηλαδὴ
813 1062 826 1081 ,
874 1029 949 1070 τοῦ
971 1026 1170 1083 παρόντος
1193 1023 1349 1083 ἀπέστη
1381 1026 1502 1082 βίον,
1538 1023 1566 1085 ἢ
1586 1025 1722 1080 otiosis·

274 1092 564 1148 συνεγράψατο
588 1090 641 1134 τὰ
664 1098 752 1135 τοῖν
776 1093 985 1147 βασιλέοιν
1007 1091 1298 1148 ἐξειργασμένα
1321 1089 1366 1134 ἔν
1387 1109 1432 1134 τε
1454 1098 1539 1144 τοῖς
1559 1093 1774 1151 εἰρήνηςιό

275 1163 434 1214 καιροῖς
460 1155 535 1199 καὶ
565 1158 610 1199 ἐν
643 1153 704 1206 οἷς
724 1156 823 1213 περὶ
853 1159 926 1213 τῆς
948 1153 1080 1213 ἀρχῆς
1103 1157 1361 1212 ἐπολέμησαν
1383 1156 1487 1214 πρὸς
1510 1155 1721 1215 ἀλλήλους·

277 1218 306 1278 ἦ
327 1221 410 1276 εἴγε
443 1221 516 1264 καί
537 1221 825 1279 συνεγράψατο
836 1257 850 1277 ,
890 1219 965 1264 οὔκ
987 1219 1037 1264 ἂν
1067 1218 1187 1276 οἶμαι
1207 1224 1406 1279 καθαρῶς
1428 1225 1501 1279 τῆς
1522 1221 1721 1283 ἆλήθεάις

273 1283 401 1329 αὐτὸν
434 1286 722 1345 ἐφάπτεσθαι,
773 1285 847 1330 ἅτε
885 1286 937 1343 δὴ
976 1289 1059 1329 τῶν
1093 1286 1346 1343 πραγμάτων
1379 1287 1529 1345 ἀκριβῆ
1567 1291 1720 1344 γνῶσιν

275 1348 350 1394 οὖκ
382 1352 610 1408 ἐσχηκότα,
649 1354 809 1395 πολλῶν
844 1354 889 1395 ἐν
920 1350 1041 1410 ὀλίγῳ
1064 1353 1198 1410 χρόνῳ
1222 1352 1294 1396 καί
1327 1353 1523 1396 ποικίλων
1555 1349 1718 1397 σὺνενε..

235 1417 476 1470 εχθέντων.
515 1416 580 1459 διὸ
602 1418 654 1460 σύ
677 1434 721 1459 τε
753 1420 889 1468 καλῶς
911 1418 1106 1474 ἐποίησας
1129 1417 1243 1475 παρὰ
1276 1421 1351 1460 τοῦ
1382 1421 1529 1474 σαφῶς
1559 1418 1770 1470 εἷὸότοςαο

272 1482 474 1537 ἐθελήσας
492 1486 670 1536 μαθεῖν,
697 1482 777 1538 ἐγώ
800 1499 845 1524 τε
866 1485 998 1538 μηδὲν
1020 1482 1249 1538 μελλήσας,
1289 1481 1364 1539 τὴν
1384 1484 1570 1540 διήγησιν
1591 1478 1716 1541 ἒκθή-
1778 1540 1780 1545 ι

270 1561 399 1600 σομαι
421 1549 504 1590 τῶν
535 1549 813 1604 πραγμάτων,
852 1550 925 1604 τῆς
947 1545 1145 1603 ἀληθείας
1167 1549 1425 1604 προτιμήσας
1450 1549 1594 1605 μηδέν.

270 1623 460 1658 dronicum
479 1625 755 1671 imperatorem,
783 1632 820 1660 et
843 1626 1050 1659 Manuelem
1069 1625 1276 1671 despotam,
1311 1626 1499 1661 muliebris
1517 1633 1637 1662 autem
1654 1640 1714 1663 se-

267 1682 335 1704 xus
355 1672 498 1705 Annam
522 1677 559 1705 et
595 1672 824 1705 Theodoram
849 1683 894 1706 ex
919 1684 961 1706 ea
987 1673 1155 1750 suscepit.
1216 1672 1328 1726 Quae.
1346 1678 1466 1707 autem
1487 1674 1710 1728 temporibus

268 1716 539 1761 imperatorum,
571 1729 660 1763 quos
683 1729 790 1762 supra
809 1718 904 1759 dixi,
930 1730 950 1751 a
964 1717 1073 1751 -Theo
1103 1729 1165 1751 oro
1186 1718 1330 1751 Lascari
1350 1730 1464 1765 usque
1485 1719 1531 1753 ad
1547 1719 1710 1754 Michae-

267 1761 341 1795 lem
366 1774 410 1796 ex
434 1763 652 1808 Palaeologis
671 1763 869 1797 seeundum
894 1770 972 1798 acta
1000 1769 1107 1805 sunt,
1141 1764 1180 1797 in
1203 1764 1248 1797 iis
1274 1763 1520 1803 describendis
1547 1767 1710 1811 complu-

268 1819 324 1841 res
350 1808 627 1854 diligentissime
654 1810 911 1843 elaborarunt:
938 1809 1035 1844 unde
1064 1815 1101 1843 et
1123 1815 1183 1852 tu,
1209 1815 1246 1844 et
1270 1810 1402 1857 quibus
1426 1810 1709 1853 libebit‚‚accu-

267 1859 381 1888 ratam
406 1866 524 1888 rerum
550 1856 794 1900 cognitionem
817 1856 963 1901 possitis
996 1867 1141 1901 parare,
1165 1856 1236 1889 nisi
1261 1857 1354 1890 sorte
1378 1857 1486 1890 etiam
1511 1858 1709 1904 illi‚.prae-

268 1898 448 1934 dictorum
469 1902 521 1934 rei
546 1902 747 1943 criminum,
771 1903 960 1937 veritatem
978 1902 1098 1936 valere
1124 1903 1326 1944 iusserunt,
1352 1908 1389 1936 et
1410 1909 1519 1948 prout
1542 1915 1623 1950 erga
1648 1916 1709 1939 eos

268 1952 372 1980 erant
385 1947 555 1988 animati,
579 1947 624 1981 de
649 1948 781 1993 quibus
805 1948 1045 1992 exponebant,
1071 1949 1124 1981 ita
1146 1959 1264 1981 rerum
1285 1947 1391 1982 nobis
1406 1951 1614 1984 memoriam
1633 1956 1709 1984 tra-

267 1991 457 2034 diderunt,
481 1994 566 2026 satis
582 2005 745 2039 magnam
766 1994 837 2027 suis
856 1994 1041 2028 laboribus
1066 1993 1266 2027 mercedem
1277 1999 1482 2042 ‘statuentes
1503 1997 1562 2030 vel
1578 1997 1709 2032 immo-

266 2037 347 2071 dice
373 2038 622 2072 commendare
637 2051 727 2086 quos
749 2039 961 2085 diligerent,
986 2040 1044 2073 vel
1065 2039 1303 2085 despicabiles
1322 2040 1471 2075 reddere
1494 2054 1584 2088 quos
1605 2042 1709 2076 odis-

265 2089 357 2124 sent,
382 2085 545 2118 veritatis
570 2086 748 2119 rationem
771 2085 947 2120 habentes
970 2086 1119 2123 nullam.
1157 2086 1212 2119 Ab
1241 2097 1385 2120 excessu
1405 2093 1524 2122 autem
1542 2089 1721 2123 Michae-.

263 2130 310 2163 lis
322 2130 525 2176 Palaeologi
545 2131 697 2166 secundi
720 2137 782 2165 aut
799 2143 904 2166 nemo
925 2132 1005 2179 quis
1033 2143 1113 2165 uam
1127 2143 1219 2178 quae
1245 2131 1291 2165 ab
1316 2137 1470 2180 utroque
1490 2135 1706 2180 imperatore

265 2181 304 2209 et
318 2177 416 2221 pacis
437 2177 661 2223 temporibus
683 2183 720 2211 et
735 2177 847 2220 bello,
872 2179 911 2211 in
927 2189 998 2225 quo
1041 2189 1060 2212 e
1076 2178 1229 2223 imperio
1244 2177 1471 2220 dimicarunt,
1497 2186 1594 2226 gesta
1608 2187 1705 2224 sunt,

264 2223 495 2267 conscripsit:
544 2229 606 2257 aut
631 2224 662 2258 si
690 2224 820 2266 etiam,
853 2236 927 2258 non
952 2235 1034 2258 eum
1060 2224 1215 2258 arbitror
1243 2225 1492 2270 incorruptam
1516 2227 1706 2262 veritatem

265 2269 332 2301 atti
357 2268 449 2302 isse:
488 2274 614 2314 utpote
641 2276 806 2304 accurata
829 2276 1009 2315 gestorum
1036 2271 1243 2315 cognitione
1271 2270 1510 2314 destitutum,
1538 2272 1705 2320 quando·

268 2314 332 2359 qui
360 2325 416 2347 em
439 2314 538 2349 haud
566 2316 616 2349 ita
642 2317 748 2361 longo
775 2317 964 2351 intervallo
991 2317 1106 2351 multa
1129 2322 1166 2350 et
1187 2317 1286 2351 varia
1311 2318 1547 2362 contigerunt.
1599 2319 1703 2365 Quo-

270 2360 363 2399 circa
387 2372 467 2394 cum
490 2367 530 2395 tu
554 2362 750 2406 prudenter
773 2363 873 2403 facis,
899 2363 945 2396 ab
971 2373 1013 2396 eo
1039 2363 1200 2407 accipere
1226 2363 1291 2396 illa
1319 2362 1546 2406 desiderans,
1571 2367 1635 2420 qui
1659 2377 1703 2399 ea

264 2406 460 2441 certissime
479 2408 597 2442 novit:
622 2414 699 2443 tum
713 2420 776 2455 ego
792 2408 887 2443 nihil
906 2409 1171 2455 procrastinans
1183 2437 1197 2456 ,
1223 2408 1349 2444 eadem
1373 2421 1484 2458 quam
1517 2413 1702 2450 verissime

267 2452 459 2502 explanare
486 2455 675 2502 occipiam.

727 2549 1244 2565 m
