1832 3132
313 81 425 138 336
835 91 1204 139 CANTACUZENI

117 205 199 242 A.c.
218 207 304 243 1328
313 197 576 255 θαῤῥοῦντας
595 193 654 243 αἷς
678 193 883 249 λήψονται
905 188 1001 236 ὅτου
1021 190 1074 238 ἄν
1098 197 1293 240 δέωνται.
1334 196 1427 241 ἐπεὶ
1449 200 1497 242 δὲ
1525 198 1742 257 Ἀνδρόνι-

308 279 382 306 κον
409 260 478 304 τὸν
508 258 786 315 πρεσβύτερον
819 260 994 312 βασιλέα
1017 255 1142 316 εὗρον
1166 264 1239 317 τῆς
1268 263 1403 319 οἶρχῆς
1430 265 1740 321 ἐκβεβλημένον,

307 326 412 382 πρὸς
435 323 504 367 τὸν
523 325 615 367 νέον
632 325 845 366 ἐποιοῦντο
866 322 944 379 τὴν
969 325 1206 380 πρεσβείαν.
1234 329 1433 381 βασιλεῦς
1460 331 1500 372 δ’
1522 331 1616 373 ἐπεὶ
1640 329 1742 372 ἐπύ-

306 396 405 434 θετο
435 392 532 445 περὶ
563 384 622 432 ὧν
661 386 822 444 ἥκοιεν,
869 391 1067 446 ἐπέτρεπε
1093 391 1151 448 τῷ
1185 391 1349 451 μεγάλῳ
1380 391 1601 454 ὃομεστίκῳ
1637 393 1742 451 πρὸς
1831 449 1832 454 1

305 452 457 505 αὖτοὺς
474 454 735 511 ποιήσασθαι
758 450 983 510 ἀπολογίαν
1007 450 1036 513 ᾗ
1055 451 1107 498 ἂν
1136 454 1265 508 δόξειε
1294 457 1479 512 μάλιστα
1499 457 1547 502 τὸ
1573 454 1768 515 amaya&
1830 464 1832 518 ᾖ

304 520 441 575 ἔχειν.
479 519 502 562 ὅ
526 522 571 563 δὲ
591 520 973 579 μετακαλεσάμενος
1014 518 1114 572 τούς
1133 522 1348 578 πρέσβεις,
1374 525 1552 578 βασιλέα
1568 541 1614 568 τε
1635 523 1742 582 ἔφα·
1831 536 1832 540 ’

305 601 402 628 σκεν
429 585 648 641 ἀκηκοέναι
675 587 773 642 περὶ
798 580 856 628 ὧν
882 581 1029 642 ἥκουσι
1054 587 1354 643 πρεσβεύοντες
1379 587 1450 632 καὶ
1476 585 1627 645 αὖτὸν,
1672 589 1746 633 καὶ

310 648 386 706 τὴν
409 651 488 704 μὲν
508 647 692 692 παλαιάν
709 652 954 705 συμμαχίαν
972 651 1044 693 καί
1062 651 1213 709 φιλίαν
1225 652 1366 695 aaran
1384 650 1488 710 πρὸς
1510 651 1608 705 τοὺς
1630 654 1744 696 ‘Pm-

185 725 297 766 P.207
308 713 446 769 μαίων
472 716 672 769 βασιλέας
699 717 771 757 καί
798 712 927 758 αὐτὸν
961 717 1138 770 εἰδέναι,
1187 716 1259 759 καὶ
1293 717 1475 775 ὡσπερεὶ
1507 717 1613 773 μίαν
1648 716 1743 775 ἦγε-

182 787 298 834 v.167
307 778 457 834 μονίαν
485 779 729 836 α’μφοτέρας
755 778 832 830 τὰς
856 781 1073 835 βασιλείας
1098 781 1303 836 νομίζειν,
1352 781 1425 825 καὶ
1459 783 1620 827 δίκαιον
1653 781 1798 837 ἅμαιο

306 845 381 886 καί
405 846 611 900 προσῆκον
630 845 836 900 ἡγεῖσθαι,
867 843 964 888 ὅτου
988 842 1040 888 ἂν
1063 848 1239 889 δέωνται
1260 844 1458 905 ἑκάτεροι,
1486 843 1744 906 ὠφελεῖσθαι

305 912 405 966 παρ’
433 907 644 964 α’λλήλων.
677 909 875 966 χρήματα
904 912 951 954 δὲ
979 909 1009 954 οἳ
1037 913 1204 954 αἰτοῦσι
1231 914 1319 966 νῦν,
1348 913 1390 956 εἰ
1413 912 1513 970 πρὶν
1538 910 1614 956 τὸν
1640 913 1744 970 πρὸς

306 970 509 1029 ἇλλήλους
541 976 626 1016 τῶν
665 972 892 1029 “Ρωμαίων
928 976 1134 1031 βασιλέων
1161 978 1340 1031 πόλεμον
1365 980 1609 1035 κεκινῆσθαι
1631 973 1744 1035 ἧκον,

305 1038 551 1093 ἐκομίσαντο
584 1035 637 1082 ἂν
661 1034 689 1096 ᾗ
717 1040 937 1095 ἐβούλοντο
966 1039 1172 1098 ἀρκοῦντα
1199 1041 1304 1100 πρὸς
1331 1041 1407 1099 τὴν
1428 1039 1608 1100 χρείαν.
1650 1044 1747 1087 νυνί

306 1105 355 1145 δὲ
382 1104 678 1147 ἀναλωθέντων
707 1105 767 1154 εἷς
792 1102 864 1148 τὸν
889 1104 994 1163 πρὸς
1021 1106 1225 1163 ἀλλήλους
1264 1107 1442 1162 πόλεμον
1455 1141 1473 1163 ,.
1504 1126 1506 1129 ·
1516 1107 1796 1166 χρημάτωνιό

304 1171 385 1223 μὲν
409 1167 456 1211 τὸ
485 1170 561 1212 νῦν
587 1166 695 1212 εἶναι
724 1170 799 1212 οὐκ
826 1170 1044 1227 εὔπορεῖν·
1094 1175 1235 1230 ἕτερον
1273 1175 1320 1217 δὲ
1356 1171 1506 1230 τρόπον
1533 1173 1745 1218 δύνασθαι

306 1231 515 1276 ἰάσασθαι
540 1231 614 1289 τήν
639 1234 815 1291 ἀπορίαν
841 1239 925 1279 τῶν
949 1236 1206 1293 χρημάτων.
1245 1237 1450 1295 στρατιὰν
1474 1237 1553 1296 γὰρ
1582 1235 1636 1282 ἂν
1661 1256 1745 1282 πα-

305 1304 478 1355 ρασχεῖν
505 1300 658 1355 πολλήν
683 1316 727 1343 τε
754 1301 830 1343 καί
855 1301 1037 1358 ἀγαθὴν,
1064 1303 1426 1359 συμμαχήσουσαν
1453 1303 1525 1348 ἐπὶ
1546 1303 1643 1355 τούς
1667 1321 1744 1348 πο·

267 1365 493 1418 Βλεμίους.
541 1362 707 1407 οἴεσθαι
747 1367 794 1409 δὲ
828 1368 936 1422 μηδὲ
981 1364 1138 1418 αὗτοὺς
1172 1366 1320 1425 ἑτέρου
1355 1385 1429 1413 του
1464 1371 1582 1413 ἕνεκα
1618 1365 1646 1427 ἢ
1673 1373 1745 1426 τῆς

305 1429 502 1485 στρατιᾶς
530 1431 699 1472 δεῖσθαι
724 1433 808 1474 τῶν
830 1430 1084 1488 χρημάτων,
1121 1433 1194 1476 καὶ
1217 1435 1258 1476 εἰ
1281 1431 1434 1476 τούτου
1460 1433 1652 1489 τύχοιεν,
1690 1435 1797 1479 τὸαο

306 1492 640 1548 σπουδαζόμενον
667 1495 810 1546 αὐτοῖς
835 1496 1029 1551 ῆνύσθαι.
1057 1495 1096 1539 οἱ
1121 1499 1315 1554 πρέσβεις
1340 1500 1387 1542 δὲ
1411 1499 1636 1555 χρημάτων
1658 1502 1746 1543 ἓνε-

306 1576 362 1602 κα
388 1556 503 1615 ἥκειν
530 1558 681 1614 ἔλεγον,
703 1562 753 1603 οὕ
781 1563 994 1618 στρατιᾶς.
1022 1561 1098 1619 τὴν
1123 1562 1203 1620 γὰρ
1233 1560 1374 1606 αὐτῶν
1400 1565 1579 1614 πολλούς
1604 1580 1648 1609 τε
1675 1564 1747 1608 καὶ

307 1623 495 1679 ἆγαθούς
513 1626 682 1681 τρέφειν
705 1621 766 1675 οἷς
784 1624 920 1678 ἔξεστι
943 1628 1135 1684 χρῆσθαι
1157 1630 1215 1685 τῷ
1236 1630 1424 1688 σφετέρῳ
1442 1633 1618 1685 βασιλεῖ,
1641 1630 1745 1673 οἴνα-

305 1688 510 1744 λωμάτων
536 1690 808 1747 εὐποροῦντι.
865 1690 962 1744 τούς
985 1694 1066 1746 μὲν
1100 1688 1178 1736 οὖν
1199 1696 1394 1751 πρέσβεις
1419 1692 1550 1747 οὕτως
1575 1696 1746 1754 εὐφυῶς

307 1813 354 1846 ab
382 1813 462 1858 ipso
487 1813 692 1847 consultum
727 1814 773 1848 iri
800 1813 1033 1850 confidentem
1083 1815 1155 1849 Sed
1185 1827 1266 1850 cum
1288 1816 1532 1853 Andronicum
1564 1819 1744 1853 seniorem

307 1860 460 1904 imperio
485 1865 622 1893 motum
646 1862 866 1904 reperirent,
907 1861 952 1894 ad
978 1862 1156 1896 iuniorem
1183 1862 1361 1898 adierunt.
1410 1866 1443 1898 Is
1478 1871 1585 1899 causa
1609 1865 1745 1899 adven·-

307 1911 368 1939 tus
396 1917 518 1939 eorum
541 1912 722 1950 percepta,
747 1918 883 1951 magno
899 1907 1094 1942 domestico
1125 1920 1215 1954 quae
1239 1911 1578 1945 convenientissima
1598 1917 1747 1957 putaret

310 1951 556 1996 respondendi
576 1959 696 1995 partes
721 1953 833 1987 dedit.
883 1954 949 1987 Ille
973 1955 1107 1988 vocatis
1132 1955 1179 1988 ad
1202 1966 1239 1989 se
1262 1956 1402 2002 legatis,
1426 1957 1498 1992 sibi
1523 1963 1560 1992 et
1586 1959 1745 2003 impera-

310 1999 383 2031 tori
407 1998 638 2043 quamobrem
665 1999 853 2039 adessent,
893 2000 1118 2034 intellectum
1152 2013 1228 2035 esse
1254 2007 1291 2036 et
1316 2008 1494 2037 vetustam
1515 2014 1640 2038 eorum
1664 2016 1745 2038 cum

309 2044 478 2077 Romanis
512 2045 720 2077 societatem
752 2045 1020 2091 amicitiamque
1046 2047 1144 2082 haud
1167 2059 1204 2082 se
1227 2049 1390 2093 ignorare
1415 2049 1530 2084 dixit:
1567 2055 1604 2084 et
1639 2055 1745 2084 utro-

309 2101 462 2134 rumque
487 2089 679 2134 imperium
703 2091 967 2135 quodammodo
995 2105 1107 2126 unum
1138 2096 1379 2140 principatum
1408 2096 1479 2130 sibi
1510 2097 1645 2139 videri3
1687 2098 1745 2130 iu-

309 2140 405 2168 stum
424 2137 511 2168 item
539 2142 575 2169 et
600 2147 678 2168 cum
705 2137 826 2170 officio
852 2139 1083 2172 coniunctum
1109 2151 1208 2182 esse,
1241 2141 1364 2175 ambos
1388 2142 1540 2176 invicem
1564 2143 1743 2183 utilitates

309 2182 445 2214 afferre.
495 2182 604 2226 Quod
627 2182 672 2215 ad
691 2184 880 2227 pecuniam
904 2185 1094 2227 attineret,
1124 2188 1153 2220 si
1178 2188 1364 2222 venissent
1394 2193 1584 2234 antequam
1607 2189 1744 2223 bellum

309 2228 407 2261 inter
429 2228 661 2272 imperatores
686 2235 880 2272 gereretur,
904 2237 1078 2275 quantum
1098 2243 1164 2277 pro
1188 2234 1406 2268 necessitate
1428 2235 1648 2277 voluissent,
1681 2248 1743 2270 ac-

309 2279 475 2318 cepturos
502 2274 623 2307 fuisse.
672 2274 775 2308 Nunc
800 2274 897 2309 idem
921 2277 1059 2310 bellum
1086 2278 1290 2314 exhausisse
1320 2281 1504 2314 aerarium.
1553 2281 1742 2315 Verumta-

309 2328 394 2353 men
416 2320 488 2352 alia
511 2320 567 2352 via
591 2331 695 2363 posse
731 2320 817 2354 huic
849 2323 1010 2367 ipsorum
1034 2326 1274 2370 sumptuariae
1301 2326 1507 2360 difficultati
1533 2339 1740 2362 occurrere:

310 2366 508 2399 exercitum
545 2366 641 2399 enim
670 2377 836 2411 magnum
866 2380 906 2401 ac
937 2370 1068 2404 sortem
1102 2377 1226 2405 contra
1259 2372 1380 2405 hostes
1414 2373 1567 2407 militiae
1603 2376 1741 2410 socium

308 2411 548 2456 praebituros.
598 2413 658 2446 Sic
678 2424 834 2459 namque
859 2426 896 2448 se
922 2417 1145 2458 existimare,
1180 2429 1254 2451 non
1279 2419 1389 2459 alius,
1431 2430 1537 2464 quam
1563 2421 1740 2454 exercitus

308 2467 415 2491 causa
451 2458 548 2502 ipsos
581 2469 752 2504 quaerere
787 2461 985 2504 pecuniam.
1043 2462 1146 2497 Hunc
1170 2472 1251 2508 ergo
1275 2466 1306 2497 si
1339 2463 1604 2508 adipiscantur,
1666 2465 1742 2500 uod

306 2508 382 2536 tam
409 2502 578 2549 diligenti
604 2515 712 2549 opera
740 2511 953 2540 conarentur
973 2509 1147 2550 invenire,
1170 2510 1241 2542 iam
1262 2511 1448 2544 inventum
1462 2509 1604 2554 habere.
1671 2524 1740 2546 on-

307 2554 363 2582 tra
386 2549 517 2595 legati,
550 2561 588 2583 se
613 2551 800 2595 pecuniae,
825 2564 899 2586 non
924 2555 1100 2588 exercitus
1124 2559 1228 2589 causa
1250 2556 1392 2590 missos:
1426 2558 1609 2602 regionem
1639 2560 1739 2603 ipso-

307 2606 388 2628 rum
416 2596 547 2631 multos
571 2596 666 2630 alere
691 2602 928 2644 strenuosque
950 2601 1107 2642 milites,
1132 2602 1263 2647 quibus
1288 2603 1343 2635 uti
1368 2613 1491 2637 eorum
1518 2605 1593 2649 regi
1617 2604 1740 2646 liceat,

309 2642 341 2675 si
363 2648 523 2689 sumptus
550 2648 689 2680 tantum
715 2644 755 2679 in
779 2645 962 2692 stipendia
986 2657 1061 2683 non
1087 2647 1195 2687 desit.
1242 2648 1347 2684 Hunc
1369 2649 1410 2683 in
1433 2648 1580 2684 modum
1603 2650 1739 2697 legatos
