1728 3158
193 129 250 170 vl
716 121 1124 166 PRAEMONITUM.

194 249 316 282 nam
360 228 592 287 adhibet,
637 228 708 279 ita
749 241 811 279 ut
851 228 1122 278 maximam
1168 239 1366 297 partem
1398 224 1631 277 emenda-

195 312 398 366 tionum
431 327 606 360 earum
651 311 709 360 in
743 323 884 361 textu
916 326 1162 379 reponere
1195 326 1302 357 non
1335 306 1630 356 dubitarim.

196 392 315 455 Quo
350 392 505 458 magis
538 390 817 444 dolendum
851 404 944 451 est,
992 390 1251 439 uberiores
1282 389 1390 437 eius
1421 399 1632 441 annota-

195 474 378 532 tiones,
409 472 477 521 ad
508 490 633 540 quas
663 473 902 523 lectorem
932 491 982 541 p.
1023 490 1129 537 177.
1149 472 1201 520 C.
1231 468 1469 528 remittit,
1500 485 1635 519 nun-

196 570 355 624 quam
400 553 458 604 in
505 553 672 602 lucem
705 551 950 620 prodisse,
996 567 1166 621 neque
1209 549 1421 599 omnino
1463 549 1529 599 ab
1573 566 1632 599 eo

197 647 392 685 tantam
425 634 481 684 in
514 633 877 702 posterioribus
915 631 1250 683 Cantacuzeni
1277 629 1424 680 libris
1456 647 1634 680 curam

195 716 413 786 positam
445 733 567 776 esse,
603 727 798 785 quanta
831 714 887 765 in
921 710 1512 781 castigandisprioribus
1535 710 1635 759 ela-

196 798 396 852 borasse
430 796 708 847 censendus
740 808 825 847 est.
893 796 1220 862 Quamquam
1248 792 1327 843 vel
1361 791 1419 841 in
1445 791 1526 841 his
1557 791 1635 863 ip-

198 878 262 928 sis
294 878 444 947 plura
477 876 677 937 inveni,
731 893 863 944 quae
906 893 1025 926 cum
1058 872 1322 925 manifesto
1363 871 1635 941 depravata

198 973 360 1010 essent
391 971 442 1010 et
473 960 658 1027 corrigi
681 971 966 1028 poscerent,
1002 958 1090 1008 ille
1121 974 1228 1007 non
1253 953 1634 1010 animadvertit,

200 1053 294 1092 aut
321 1042 667 1093 animadversa
691 1043 762 1094 ita
794 1041 1020 1101 tentavit,
1057 1051 1118 1090 ut
1141 1038 1406 1088 veritatem
1427 1036 1637 1108 scripto·

203 1124 374 1192 risque
397 1143 610 1175 manum
639 1123 872 1176 nondum
892 1135 1141 1174 assecutus
1158 1120 1431 1172 videretur.
1455 1123 1639 1190 Itaque

202 1206 309 1275 ipse
330 1206 635 1255 emendandi
657 1205 874 1256 subinde
895 1205 1184 1274 periculum
1205 1203 1302 1252 feci
1317 1240 1330 1262 ,
1361 1213 1413 1251 et
1435 1199 1641 1269 siquan-

205 1285 271 1336 do
299 1287 508 1338 meliora
542 1305 601 1336 ac
636 1288 753 1338 satis
786 1300 921 1337 certa
953 1296 1292 1355 suppeterent,
1326 1299 1384 1331 ea
1413 1281 1638 1333 breviter

204 1368 441 1419 indicavi.
507 1369 690 1419 Codice
721 1388 841 1421 usus
871 1388 984 1420 sum
1016 1370 1190 1418 nullo:
1226 1363 1472 1416 eiusmodi
1496 1381 1641 1434 prae-

204 1448 322 1501 sidii
355 1450 466 1499 loco
497 1451 777 1500 versionem
792 1449 1011 1500 Pontani
1045 1449 1232 1511 habui3
1267 1446 1461 1516 inspexi
1488 1447 1642 1498 etiam

208 1530 490 1592 interdum,
545 1548 639 1582 nec
684 1531 740 1582 id
771 1532 880 1582 sine
912 1548 1093 1603 operae
1125 1530 1327 1590 fructu,
1364 1527 1641 1581 editionem

207 1613 457 1662 Venetam
496 1631 538 1662 a.
579 1632 716 1680 1729.
750 1614 864 1674 fol„
909 1631 1067 1685 quam
1111 1629 1172 1661 ex
1219 1611 1447 1664 Parisino
1480 1629 1642 1661 exem-

207 1694 296 1762 plo
341 1694 697 1763 transcriptam
728 1711 827 1745 esse
860 1706 1065 1744 constat.
1142 1695 1216 1743 Ea
1266 1694 1406 1744 enim
1445 1695 1644 1762 aliquot

208 1772 393 1823 menda
416 1774 518 1823 iam
545 1785 766 1823 correcta
786 1775 1010 1834 exhibet,
1031 1774 1252 1823 aliorum
1273 1786 1443 1827 tamen
1461 1776 1644 1846 passim

210 1855 370 1904 obsita
401 1867 473 1906 est
506 1855 659 1905 turba
690 1855 928 1906 foediore.
1008 1856 1246 1923 Denique
1288 1858 1554 1908 nonnullis
1585 1859 1643 1909 in

212 1936 335 1986 locis
373 1935 840 1994 emendationibus,
884 1954 1010 2005 quas
1051 1938 1150 1990 Vir
1183 1939 1424 1999 Illustris,
1475 1941 1526 1989 B.
1579 1940 1642 1990 G.

211 2019 553 2077 Niebuhrius,
600 2031 675 2079 et,
722 2020 868 2069 cuius
911 2038 1053 2069 nunc
1084 2021 1260 2070 Bonna
1303 2021 1530 2073 distracti
1564 2021 1644 2071 iu·-

212 2100 569 2150 cundissimam
587 2101 883 2151 memoriam
913 2101 1001 2150 hic
1033 2102 1252 2151 recolere
1284 2103 1447 2165 iuvat,
1483 2105 1644 2154 Henr.

213 2181 516 2243 Grauertus,
563 2181 782 2249 margini
825 2181 1086 2241 editionis,
1132 2201 1235 2250 qua
1278 2196 1426 2246 utor,
1461 2185 1655 2241 adscri-‚

213 2274 440 2332 pserant,
481 2261 674 2330 egregie
702 2262 939 2312 adiutum
968 2281 1048 2312 me
1076 2281 1174 2314 esse
1194 2278 1364 2332 gratus
1383 2266 1641 2334 profiteor.

345 2344 532 2402 Restat,
578 2354 640 2395 ut
672 2342 756 2402 iis,
798 2361 930 2411 quae
963 2344 1020 2395 in
1069 2344 1383 2413 praefatione
1425 2347 1643 2396 Pontani

216 2422 278 2472 de
310 2425 656 2473 Cantacuzeno
692 2423 799 2492 ipso
835 2423 1043 2494 eiusque
1077 2426 1133 2475 in
1165 2424 1461 2476 enarrandis
1494 2427 1646 2475 rebus

218 2505 318 2555 fide
360 2524 419 2555 ac
467 2505 634 2555 studio
665 2506 770 2555 veri
803 2506 920 2555 satis
954 2508 1218 2574 magnifice
1252 2506 1642 2575 praedicantur,

216 2587 469 2638 iudicium
493 2586 677 2636 addam
700 2585 791 2636 Ed.
817 2587 1043 2637 Gibboni
1057 2628 1068 2647 ‚
1093 2589 1150 2637 in
1168 2588 1344 2657 primis
1361 2587 1645 2654 intelligen-

218 2666 281 2717 tis
299 2666 486 2718 harum
509 2686 681 2719 rerum
712 2667 1086 2731 existimatoris,
1129 2667 1271 2739 quod
1309 2668 1434 2719 adeo
1465 2688 1643 2722 verum

1716 235 1728 283 i

1719 291 1728 310 ἢ
