1852 3146
334 125 446 182 236
862 138 1234 183 CANTAcqum

149 252 231 287 A.c.
249 243 507 300 ιδηέκινήθη
533 243 563 299 ἦ
591 241 785 298 παροῦσα
812 242 945 297 μάχη.
977 237 1073 298 ὅπερ
1103 241 1154 283 οὖ
1175 244 1315 299 γέγονε
1334 241 1492 292 καλῶς’
1510 241 1616 286 ἀλλὰ
1637 237 1775 300 ὅπερ

333 308 438 353 κατὰ
465 306 670 364 τὸπαρόν
690 304 811 362 ἧμεῖς
825 305 871 349 τὸ
901 304 1151 363 πρόσταγμα
1180 309 1255 349 καί
1269 304 1346 362 τὴν
1372 305 1777 365 παροῦσανγραφῆν

334 374 539 429 ἐβάλομεν
567 370 681 423 ἐντὸς
705 370 911 425 πούκλου,
953 370 1046 428 (καὶ
1071 370 1135 419 τίς
1163 371 1343 413 δυ’ναται
1368 373 1681 428 ἐνθυμηθῆναι,
1710 368 1779 416 ὅτι

333 438 430 482 ἐστι’
443 455 485 481 τι
505 437 615 487 ἐντὸς
635 438 710 479 τοῦ
730 436 911 483 πούκλου
922 438 955 492 5)
980 433 1119 485 ὀὕτως
1135 441 1301 477 ποιεῖτε·
1318 436 1392 479 καί
1407 435 1526 491 ὑμεῖς
1541 455 1553 467 ·
1587 439 1669 480 >nal
1693 435 1776 480 απὸ

194 517 237 556 v,
255 529 316 563 ¹¹7
333 506 410 547 τοῦ
429 507 504 546 νῦν
523 499 733 560 ἅρξασθε,
763 499 839 556 ὅτι,
866 500 1009 551 καθώς
1034 501 1107 543 καί
1129 497 1210 542 ἇπὸ
1238 502 1316 543 τοῦ
1338 502 1650 558 προστάγματος
1673 503 1805 557 μέλ-5

333 575 418 620 λεις
441 573 609 624 μαθεῖν,
638 567 731 611 ἰδοῦ
757 570 830 610 καί
854 565 874 610 ὅ
900 567 1100 622 βασιλευς
1123 563 1310 623 ἄρχεται.
1339 564 1448 620 ὅμως
1465 569 1583 610 δοκεῖ·
1594 583 1681 622 μοι,
1710 564 1779 610 ὅτι

210 643 247 681 Ρ.
260 637 330 680 146
340 636 419 693 πρὸ
449 637 528 678 τοῦ
547 635 727 677 ἀκοῦσαι
749 633 826 690 τὴν
846 629 982 689 ἆρχὴν
1005 634 1177 686 μέλλετε
1196 635 1301 676 ἰδεῖν
1311 631 1357 674 τὸ
1373 634 1501 683 τέλος.
1529 631 1679 684 πάντες
1694 632 1776 689 γὰρ

335 700 374 743 οἱ
402 698 510 755 μετὰ
538 701 618 742 τοῦ
645 696 811 754 ἐγγόνου
839 695 915 741 τοῦ
940 700 1145 754 βασιλέως
1172 696 1462 754 εὑρισκόμενοι
1481 692 1682 754 ἄρχοντες
1706 698 1782 740 καὶ

332 764 388 808 τὰ
417 762 764 821 ἆρ’χοντόπουλα,
792 762 1104 819 κατεστάθησαν
1131 761 1215 805 ὑπὸ
1244 764 1320 805 τοῦ
1345 764 1577 817 βασιλέως,
1605 760 1678 805 καὶ
1701 759 1779 812 τὰς

333 832 470 874 adro&
491 829 731 887 εὐεργεσίας
756 829 902 884 ἔχουσι
929 828 998 870 διά
1029 844 1075 871 τε
1094 829 1336 882 οἰκονομιῶν
1358 826 1428 870 διά
1453 842 1499 869 τε
1513 824 1832 884 χρυσοβούλ-ιο

332 901 437 940 λων·
470 895 568 938 ’καί
606 894 757 946 πάντες
793 896 899 937 εἷσίν
937 896 1094 948 ἕτοιμοι
1131 893 1204 936 καὶ
1239 894 1481 948 ἐκδέχονται
1504 889 1679 953 ,ὁρισμὸν
1703 894 1780 935 τοῦ

333 962 535 1005 αὖθέντου
558 961 677 1017 ἡμῶν
697 961 774 1002 τοῦ
801 962 1007 1014 βασιλέως
1026 960 1102 1001 τοῦ
1125 960 1259 1014 ἁγίου,
1287 961 1358 1002 ἵνα
1383 960 1534 1016 ἐάνπερ
1556 957 1675 1016 ὁρίσῃ
1699 954 1781 1000 αὖ*

331 1033 416 1078 τοῖς
425 1061 437 1080 ,
466 1029 630 1084 φέρωσι
657 1025 730 1068 τὸν
758 1024 923 1081 ἔγγονον
952 1025 1080 1067 αὖτοῧ
1103 1026 1322 1078 δεδεμένον
1347 1026 1407 1074 εἷς
1431 1022 1504 1074 τοὶς
1519 1029 1690 1080 χεῖρας·Α
1708 1023 1783 1067 καὶ

333 1090 417 1135 ἀπὸ
447 1094 521 1134 τοῦ
549 1092 682 1134 αὐτοῦ
709 1093 783 1134 νῦν
810 1091 1086 1147 ἐπιμελήθητι
1107 1091 1180 1133 καί
1206 1088 1274 1145 σύ,
1306 1092 1376 1133 ἵνα
1401 1091 1540 1148 δείξῃς
1559 1087 1681 1146 ἔργον
1705 1089 1781 1144 τῆς

334 1159 525 1213 γνώσεως
553 1157 628 1199 καὶ
649 1159 723 1212 τῆς
746 1155 909 1213 πείρας,
935 1151 985 1211 ἧς
1008 1155 1119 1210 ἔχεις
1144 1154 1252 1212 πρὸς
1273 1155 1319 1198 τὸ
1350 1153 1582 1212 πράττειν.”
1607 1156 1655 1198 ἐκ
1679 1153 1833 1215 τού-15

333 1240 419 1266 των
444 1225 522 1277 μὲν
547 1217 621 1265 οὖν
649 1221 868 1275 ἁπάντων,
917 1219 1107 1278 ὁπότερος
1144 1223 1290 1265 λέλυκε
1332 1220 1433 1271 τούς
1469 1217 1621 1278 δ’ρκους
1657 1218 1781 1263 aereo*

334 1294 531 1343 κρινεῖτε.
584 1283 684 1330 (ὅστ’
710 1287 751 1329 εἰ
774 1288 846 1329 καί
873 1285 1001 1336 αὐτὸς
1027 1285 1133 1340 μετὰ
1159 1286 1235 1343 τὴν
1263 1283 1374 1329 οὕτω
1400 1287 1614 1343 περιφανῆ
1639 1282 1782 1343 παρά-

291 1357 456 1409 Ββασιν
475 1354 557 1396 τῶν
575 1349 883 1406 ὄμωμοσμένων
901 1351 981 1404 ἔξω
1009 1369 1049 1395 τι
1074 1351 1300 1413 εἴργασμαι
1327 1354 1413 1395 τῶν
1444 1353 1664 1409 συνθηκῶν
1670 1373 1689 1406 ,·
1726 1351 1779 1392 οὔ

334 1417 496 1460 δίκαιον
524 1417 625 1460 οὐδὲ
653 1415 776 1472 λόγον
801 1416 903 1472 ἔχον
930 1417 1146 1474 ἐπιορκίαν
1173 1419 1372 1472 ἐγκαλεῖν.
1402 1414 1507 1460 ὥστε
1526 1418 1568 1459 εἴ
1583 1418 1657 1460 καί
1670 1415 1781 1472 χρή-

331 1499 445 1536 ματα
473 1480 641 1539 εἴληφα,
670 1482 728 1533 ὥς
756 1482 885 1524 αὐτοί
908 1498 1027 1539 φασι,
1055 1481 1273 1542 παρὰςτὰς
1300 1481 1524 1538 συνθήκας,
1549 1483 1628 1525 ofin
1658 1481 1841 1539 ὄψει’-20,

331 1551 420 1589 λειν
447 1546 564 1602 δίκην
591 1549 827 1600 λελυμένων
853 1549 937 1589 τῶν
964 1550 1200 1603 συνθηκῶν.
1228 1546 1307 1603 ἐγώ
1339 1550 1386 1590 δὲ
1414 1547 1660 1591 καὶτούτων
1685 1564 1779 1603 χω-

332 1613 399 1668 ρίς
425 1611 610 1668 εὐορκεῖν
639 1610 845 1663 ἀποδείξω
873 1610 1057 1666 ἐμαυτὸν
1083 1611 1137 1654 τὰ
1162 1613 1363 1670 χρήματα
1389 1611 1585 1670 εἰληφώς.
1619 1614 1667 1656 ἓν
1693 1618 1780 1664 τοῖς

426 1697 460 1730 3.
488 1694 601 1738 Intpr.
631 1694 726 1728 coni.
754 1692 943 1735 κούκλου,
971 1694 1176 1740 Ducangius
1201 1697 1240 1728 in
1264 1695 1382 1730 Gloss.
1409 1694 1468 1729 Gr.
1495 1707 1521 1730 s.
1545 1706 1580 1734 v.
1601 1694 1778 1731 ποὼελου

425 1740 564 1775 mavult
584 1738 750 1783 βάκλου,
780 1744 822 1773 ut
845 1740 1000 1785 epistola
1023 1741 1065 1775 vin
1088 1751 1174 1776 cavo
1199 1741 1328 1776 baculo
1351 1741 1511 1777 latuerit.
1574 1769 1577 1771 <
1629 1754 1680 1777 12.
1705 1740 1779 1776 αὐ·-

426 1791 508 1824 τοῖς
531 1797 599 1820 em.
623 1787 698 1820 ΕΙ).
722 1787 756 1821 Ρ.
781 1797 848 1832 pro
870 1784 1022 1824 αὐτούς.

337 1864 495 1905 dissent,
520 1864 560 1898 in
585 1863 749 1897 confesso
775 1868 849 1904 est,
886 1864 1051 1908 cognosci
1075 1865 1260 1909 potuisse,
1300 1865 1416 1900 multo
1444 1870 1530 1900 ante
1553 1869 1591 1900 et
1620 1867 1781 1903 sollicita

337 1922 423 1944 cura
446 1910 516 1944 hoc
540 1910 681 1944 bellum
712 1909 922 1943 inchoatum
947 1911 1068 1944 fuisse.
1124 1911 1231 1945 Haud
1265 1917 1362 1946 recte
1399 1923 1462 1946 vos
1499 1912 1662 1958 quidem:
1715 1915 1781 1949 sed

338 1955 642 2004 quemadmodum
667 1956 707 1989 in
731 1957 912 2001 praesenti
935 1968 1000 1990 nos
1030 1957 1259 1999 mandatum,
1288 1963 1326 1992 et
1354 1958 1542 2003 epistolam
1565 1959 1605 1993 in
1630 1961 1780 2005 puelum

339 2004 580 2044 coniecimus,
604 2004 643 2035 in
671 2013 743 2048 quo
776 2004 895 2036 inesse
923 2004 1112 2049 quippiam
1147 2005 1229 2050 quis
1253 2005 1452 2050 cogitaret?
1495 2006 1548 2039 sic
1570 2017 1632 2040 vos
1657 2007 1780 2049 facite,

339 2055 377 2083 et
405 2050 475 2082 iam
499 2060 597 2082 nune
619 2049 783 2095 incipite.
832 2049 923 2082 Nam
949 2061 1030 2084 ecce
1056 2055 1093 2084 et
1115 2050 1329 2095 imperator,
1353 2051 1393 2085 id
1443 2051 1517 2085 uod
1541 2062 1586 2086 ex
1607 2053 1778 2087 mandato

339 2095 506 2135 discetis,
539 2107 629 2140 opus
654 2093 867 2140 aggreditur.
925 2095 1168 2142 Quamquam,
1206 2102 1248 2130 ut
1270 2097 1361 2132 mihi
1383 2098 1416 2131 vi
1446 2103 1547 2139 etur,
1590 2108 1653 2133 vos
1678 2100 1779 2144 prius

338 2143 449 2175 finem
469 2141 659 2182 videbitis,
706 2152 815 2187 quam
839 2141 883 2174 de
907 2143 1087 2188 principio
1111 2142 1281 2177 audietis.
1330 2144 1463 2178 Omnes
1488 2145 1584 2178 enim
1609 2146 1673 2191 qui
1697 2158 1779 2181 cum

338 2193 474 2233 nepote
508 2193 592 2220 sunt
631 2186 739 2221 duces
775 2192 812 2220 et
841 2189 1016 2231 praefecti
1050 2190 1094 2223 ab
1130 2191 1344 2234 imperatore
1367 2195 1465 2225 stant
1488 2190 1639 2237 eiusque
1664 2191 1780 2226 bene-

340 2234 433 2267 ficiis
457 2234 627 2267 fruuntur
649 2233 782 2277 partim
805 2233 845 2266 in
868 2233 1252 2277 administrationibus,
1287 2238 1417 2281 partim
1440 2237 1480 2270 in
1505 2237 1616 2272 bullis
1641 2240 1777 2273 aureis:

339 2280 530 2325 paratique
556 2283 657 2319 sunt,
699 2283 736 2312 et
763 2278 852 2324 quid
879 2280 1045 2314 dominus
1068 2287 1191 2316 noster
1215 2288 1358 2316 sauctus
1385 2284 1582 2328 imperator
1610 2283 1780 2318 decernat

341 2329 573 2370 exspectant,
599 2329 641 2358 ut
665 2325 808 2371 quando
835 2326 894 2359 illi
917 2328 1114 2372 placuerit,
1150 2334 1321 2373 nepotem
1344 2331 1504 2366 vinctum
1531 2331 1568 2363 in
1591 2341 1718 2364 manus
1743 2331 1779 2364 ei

341 2371 498 2408 tradant.
558 2371 615 2404 Tu
649 2383 794 2416 quoque
830 2370 917 2406 hinc
953 2371 1094 2419 satage,
1141 2375 1432 2421 cognitionisque
1458 2381 1495 2409 et
1519 2377 1779 2420 experientiae,

342 2429 450 2464 quam
475 2417 514 2450 in
538 2417 674 2462 agendo
700 2416 824 2458 habes,
851 2421 1056 2465 exemplum
1076 2420 1225 2466 aliquod
1250 2422 1374 2465 prode.
1393 2422 1447 2455 Ex
1470 2421 1528 2454 his
1553 2432 1634 2465 ergo
1662 2424 1779 2457 omni—

339 2464 408 2498 bus
424 2489 433 2505 ‚
467 2469 548 2497 uter
571 2464 699 2497 foedus
725 2469 961 2509 transgressus
996 2467 1062 2507 sit,
1098 2478 1160 2501 vos
1186 2468 1285 2500 eritis
1310 2467 1459 2501 iudices.
1509 2467 1618 2512 Quod
1643 2469 1673 2501 si
1698 2471 1777 2514 ipse

340 2516 425 2556 post
450 2509 701 2543 iusiurandum
725 2510 814 2543 adeo
847 2512 966 2555 palam
993 2513 1167 2546 violatum
1192 2513 1379 2558 quippiam
1404 2518 1528 2547 contra
1551 2513 1680 2548 foedus
1707 2527 1776 2560 pa-

340 2557 444 2596 travi,
469 2568 542 2590 non
564 2561 684 2600 potest
707 2557 835 2589 merito
861 2562 898 2590 et
921 2569 999 2591 cum
1023 2559 1215 2593 rationein
1233 2561 1392 2603 periurio
1415 2560 1608 2593 numerari.
1651 2560 1776 2606 Quare

340 2603 483 2636 etiamsi
506 2603 695 2648 pecuniam
720 2607 844 2635 contra
866 2604 994 2637 foedus
1018 2607 1162 2650 accepi,
1187 2610 1228 2638 ut
1247 2606 1317 2650 ipsi
1341 2605 1522 2647 dictitant,
1545 2617 1619 2639 non
1638 2606 1774 2642 idcirco

339 2660 492 2694 poenam
516 2648 613 2694 rupti
636 2648 792 2682 foederis
817 2649 942 2683 debeo.
990 2652 1062 2696 Ego
1088 2663 1169 2685 vcro
1194 2656 1232 2684 et
1257 2652 1376 2692 aliter,
1402 2652 1561 2697 quamvis
1583 2655 1782 2697 pecuniam-

341 2695 551 2741 acceperim‚
576 2705 633 2729 me
655 2694 772 2730 nihilo
797 2695 915 2730 minus
943 2697 1140 2731 secundum
1165 2697 1416 2739 iusiurandum
1438 2699 1551 2742 pactis
1571 2704 1664 2734 stare
1689 2711 1775 2734 con-
