1786 3126
234 59 272 112 6
811 69 1084 111 PEmoan

233 190 343 224 gnum
369 177 544 224 affictat,
569 175 636 209 cui
653 173 780 220 magni
813 171 1019 219 logothetae
1042 168 1327 218 filii'student:
1351 182 1510 218 quorum
1527 173 1676 213 litum&

233 215 534 269 intercipiuntur,
571 230 606 255 et
625 233 748 255 eorum
764 227 872 265 pater
885 219 1006 267 officii
1024 219 1084 252 sui
1101 215 1329 251 admonetur.
1375 217 1678 255 Protovestaerius

232 269 437 314 logothetae
461 276 621 301 extrema
648 268 850 306 minitans,
878 266 1058 310 anepote
1086 263 1342 309 compescitur,
1380 271 1417 297 et
1438 263 1543 312 apud
1564 276 1676 302 avum

234 324 442 355 excusatur.
491 313 608 347 Ambo
647 313 892 358 ingratissimi
914 312 1187 350 inveniuntur,
1214 320 1410 363 eorumque
1433 310 1676 359 instigatione

233 361 364 395 bellum
399 357 622 394 recrudescit
643 357 729 404 (43).
780 359 924 392 Nititur
963 368 1074 390 senex
1107 357 1315 390 memoriam
1340 355 1677 400 iunioris'osaoris

233 408 386 446 tollere,
425 407 527 440 cuius
560 405 810 452 patrocinium
833 402 1051 450 patriarcha
1075 402 1227 447 suscipit
1251 400 1337 447 (44).
1370 403 1676 449 ,Αυαῄκρὶαωη
1727 422 1731 426 -

231 451 466 486 Andronicus
491 460 671 491 conatur,
697 460 733 486 et
758 463 781 484 a
805 450 899 484 bello
918 448 1143 486 dehortans,
1171 458 1207 481 se
1233 447 1285 480 ad
1309 458 1459 482 causam
1482 447 1676 484 dicendam

233 499 356 544 offert.
406 499 498 532 Orat
532 496 626 532 idem
659 509 726 543 per
757 497 903 531 litteras
929 506 1082 540 magnus
1107 492 1323 528 domesticus
1367 502 1403 528 et
1440 495 1480 528 in
1503 496 1676 530 extremis

232 553 365 585 terret,
403 545 436 577 si
459 545 598 577 monita
620 543 875 589 contempserit
891 541 976 588 (45).
1024 542 1206 586 Responsa
1235 541 1304 574 avi
1325 547 1480 574 moestus
1497 541 1674 583 iuvenis,

228 590 486 637 patriarchae,
512 597 547 624 et
563 590 811 636 episcoporum
828 588 938 634 fidem
962 587 1139 634 appellat,
1164 587 1232 633 qui
1254 597 1335 620 eum
1356 586 1399 620 in
1423 587 1492 621 avi
1505 589 1675 632 ,gratiam

232 644 417 673 conantur
445 637 649 670 restituere.
698 636 902 670 Mittuntur
923 633 1096 679 Rhegium
1120 645 1165 667 ex
1183 633 1299 666 tribus
1317 630 1452 668 delecti
1464 631 1673 675 ordinibus,

232 684 299 729 qui
326 683 481 716 crimina
507 690 718 726 exponant,
752 683 830 715 eius
853 680 1098 727 defensionem
1120 677 1302 718 audiant,
1328 685 1364 712 et
1388 678 1672 726 iudicent-(46).

230 730 300 763 Ille
323 739 433 762 avum
454 728 504 769 vin.
529 726 652 761 odium
675 729 799 773 rapit,
836 727 907 760 sibi
931 726 1224 760 benevolentiam
1246 723 1409 759 iudicum
1433 725 1602 772 colligit,
1639 734 1675 760 et

232 775 424 821 sigillatim
449 773 598 808 obiectis
617 771 820 819 respondet.
868 774 1045 820 Sequitur
1063 771 1319 811 oratiuncula,
1346 782 1422 818 qua
1441 782 1542 810 suam
1558 773 1674 806 ‹inno—

233 822 389 858 centiam
425 818 603 854 adversus
635 820 930 854 criminationem
962 818 1005 853 de
1039 819 1206 865 periurio
1247 819 1289 851 in
1310 815 1469 862 foedere
1491 816 1674 854 violando

233 875 358 900 tuetur
373 864 459 911 (47).
528 867 604 900 Avi
627 874 662 899 et
688 866 845 900 Cocalae
869 866 1015 899 litteras
1041 873 1172 898 contra
1205 874 1241 897 se
1269 864 1436 944 prcofert,
1468 864 1601 911 quibus
1627 864 1673 897 ab

231 914 320 958 ipsis
333 910 465 957 foedus
489 913 670 946 violatum
695 913 916 946 convincere
941 911 1130 945 contendit
1153 909 1241 956 (48).
1337 911 1465 944 ocalae
1485 909 1676 958 impuden-v

230 960 302 992 tia.
334 959 510 1004 Episcopi
530 957 706 992 damnare
723 966 933 992 accusatum
955 966 1142 992 verentur.
1169 955 1401 1002 Respondeas
1420 967 1495 990 avo
1509 981 1520 998 ,
1552 955 1599 992 de
1619 969 1674 997 se,

231 1013 272 1037 ut
294 1005 335 1037 in
360 1016 438 1038 eum
461 1004 643 1051 officioso,
665 1003 871 1049 praedicat,
902 1004 1022 1044 illum,
1043 1012 1085 1038 ut
1107 1002 1343 1048 sycophantis
1363 1001 1572 1044 credulum,
1590 1014 1676 1048 per-1·

231 1051 404 1095 stringit,
427 1062 551 1095 pacem
570 1062 638 1095 pro
660 1062 699 1084 re
717 1049 866 1096 publica
886 1058 984 1091 orat,
1022 1062 1058 1083 se
1082 1049 1247 1088 subiicit,
1279 1057 1314 1084 et
1337 1050 1380 1082 ni
1399 1048 1488 1083 bene
1508 1049 1672 1083 monenti

231 1094 476 1136 obsecundet,
500 1098 666 1131 minatur
679 1095 764 1142 (49).
839 1096 995 1130 Cocalas
1018 1105 1104 1130 acta
1122 1095 1252 1140 Rlzegii
1277 1095 1472 1129 renuntiat
1494 1096 1577 1129 seni
1597 1106 1674 1129 om-

232 1143 322 1175 nia:
348 1141 490 1188 reliqui
505 1155 582 1176 non
599 1141 820 1178 audiuntur.
866 1142 963 1175 Eum
987 1141 1208 1188 patriarcha
1229 1142 1438 1186 castigans,
1474 1152 1498 1175 a
1523 1141 1674 1176 iuniore
1708 1173 1712 1185 ,

231 1200 269 1222 se
288 1197 468 1221 staturum
484 1188 691 1234 profitetur.
743 1190 830 1222 Cum
852 1183 1028 1234 episcopis
1054 1186 1197 1222 idcirco
1217 1187 1373 1221 habetur
1391 1187 1458 1223 sub
1479 1185 1672 1223 *wstodiim

229 1235 391 1279 Magnus
423 1232 640 1269 domesticus
671 1243 706 1268 et
727 1243 978 1280 protostrator
999 1233 1051 1268 ad
1066 1232 1334 1280 procedendum
1362 1233 1674 1279 Constantinopo-

229 1280 289 1312 lin
320 1287 482 1325 nepotem
516 1282 699 1314 incitant:
742 1282 804 1314 cui
829 1293 924 1327 spem
955 1281 1138 1327 reliquam
1167 1281 1273 1326 pacis
1306 1278 1525 1314 domenicus
1559 1280 1673 1324 eripit

229 1325 318 1371 (50).
363 1325 500 1370 Rhegio
520 1328 739 1369 Byzantium
761 1327 834 1360 iter
854 1326 1063 1361 intendunt.
1100 1329 1262 1372 Imperat
1280 1327 1317 1360 ei
1336 1337 1456 1366 avus,
1488 1326 1548 1360 uti
1564 1337 1604 1359 se
1625 1325 1674 1359 ab

229 1372 318 1406 urbe
334 1373 545 1406 amoliatur.
583 1373 708 1406 Marci
732 1372 942 1407 Caballarii
966 1375 1178 1408 convitium.
1210 1373 1413 1412 Memorat,
1453 1383 1527 1418 quo
1545 1372 1675 1418 officio

230 1418 271 1450 in
297 1429 408 1451 avum
423 1419 561 1464 suerit,
591 1420 695 1453 cuius
715 1421 963 1463 pertinaciam
986 1429 1148 1455 accusat.
1186 1418 1374 1461 Selybriae
1395 1430 1470 1452 rem
1486 1417 1673 1462 publicam

229 1462 391 1498 ordinat.
437 1465 590 1498 Rursum
611 1477 721 1511 nepos
735 1464 1030 1508 Didymotichum
1048 1465 1173 1500 rediit.
1213 1463 1449 1498 Andronicus
1473 1464 1671 1503 Tornices,

229 1517 266 1542 et
286 1510 442 1543 Manuel
469 1511 641 1545 Lascaris
665 1512 853 1557 pactionis
885 1523 964 1546 cum
992 1512 1153 1558 satrapis
1181 1511 1397 1554 Scytharum
1434 1511 1595 1556 suspecti
1636 1519 1674 1544 et

231 1554 396 1590 Thracia
422 1559 546 1590 exacti
570 1556 669 1602 (51);
702 1568 797 1602 quae
829 1560 1096 1603 protostratori
1122 1569 1201 1591 cum
1223 1565 1332 1603 parte
1358 1558 1550 1601 copiarum
1577 1567 1674 1591 com-

227 1602 396 1636 mittitur.
446 1604 491 1636 In
506 1601 763 1637 Macedoniam
782 1605 911 1638 iunior·
929 1613 1058 1638 contra
1083 1602 1204 1637 hostes
1229 1603 1329 1643 abit,
1355 1603 1485 1636 Pheris
1505 1614 1566 1637 eos
1583 1614 1675 1648 pro-.

229 1657 363 1686 vocat:
401 1649 455 1681 Iis
485 1660 521 1682 se
548 1649 833 1689 excusantibus,
868 1662 939 1694 quo
964 1651 1084 1682 minus
1106 1649 1294 1695 postulata
1316 1656 1526 1695 praestent,
1553 1659 1677 1683 remon

226 1702 338 1728 vetur
370 1694 457 1728 inde
489 1698 670 1729 exercitus
701 1694 790 1741 (52).
862 1696 1159 1730 Thessalonicam
1193 1703 1374 1729 vocatur.-
1410 1695 1498 1729 urbe
1522 1693 1670 1734 dedita,

229 1752 302 1773 arx
325 1735 578 1784 oppugndtur‚
627 1742 690 1774 cui
718 1741 918 1776 Pherenses
949 1750 1084 1775 eventu
1111 1741 1257 1787 infelici
1276 1739 1480 1774 subsidium
1505 1741 1667 1774 mittunt.

224 1787 450 1820 Miraculum
483 1788 605 1820 sancti
633 1788 811 1821 Demetrii
843 1788 1017 1830 martyris
1057 1789 1098 1821 in
1123 1788 1355 1833 imperatore.
1401 1787 1479 1821 Arx
1506 1785 1674 1822 traditur

225 1831 312 1877 (53).
359 1833 613 1873 Deliberatur,
638 1845 711 1878 quo
735 1832 906 1871 eundum.
952 1833 1137 1867 Probatur
1159 1834 1352 1868 consilium
1387 1834 1515 1876 magni
1549 1833 1672 1867 dome-

225 1880 322 1911 stici.
382 1878 522 1912 Edessa
561 1888 596 1913 et
632 1879 817 1914 Berrhoea
851 1892 887 1914 se
922 1879 1068 1914 dedunt.
1116 1880 1252 1925 Ingens
1274 1878 1478 1913 occidentis
1500 1878 1676 1925 desectio.
1719 1892 1722 1896 ’

223 1925 343 1958 Duces
369 1926 528 1958 senioris
564 1925 617 1959 ad
642 1926 844 1959 Triballum
857 1926 1076 1972 fugientes,
1108 1938 1132 1960 a
1168 1926 1343 1959 Pheraeis
1367 1925 1544 1960 militibus
1570 1927 1674 1971 capti

223 1969 275 2003 ad
297 1979 459 2015 nepotem
486 1969 734 2008 adducuntur.
788 1972 875 2005 Cum
901 1972 1077 2006 uxoribus
1100 1983 1224 2005 eorum
1252 1971 1406 2016 benigne
1439 1972 1566 2014 agitur
1581 1971 1670 2018 (54).

220 2015 371 2050 Deditio
399 2017 588 2050 Castoriae
630 2026 663 2051 et
693 2016 876 2052 Achridis.
925 2018 1240 2051 Protovestiarius
1274 2029 1352 2051 cum
1388 2018 1499 2051 sociis
1523 2017 1672 2052 Tribal-

221 2062 295 2095 lum
334 2061 386 2095 ad
407 2074 510 2095 arma
545 2063 585 2095 in
615 2065 867 2108 imperatorem
897 2063 1078 2097 iuniorem
1102 2064 1291 2097 sollicitat.
1343 2063 1477 2098 Uxoris
1511 2064 1671 2099 eiusdem

218 2109 501 2153 protovestiarii
512 2108 750 2143 mendacium.
799 2110 998 2143 Domestici
1021 2112 1063 2143 in
1089 2118 1292 2154 contemptu
1328 2111 1415 2143 auri
1453 2113 1672 2157 argentique

220 2153 323 2195 apud
339 2156 662 2199 protovestiarium
677 2157 813 2200 reperti
828 2156 990 2189 excelsus
1014 2157 1167 2189 animus.
1215 2156 1452 2202 Imperatoris
1467 2155 1677 2204 beneficen-

220 2201 288 2232 tia.
352 2201 573 2234 Voluntaria
597 2202 791 2242 agrestium
814 2202 1038 2235 Albanorum
1061 2201 1201 2236 deditio
1218 2228 1227 2239 ,
1270 2202 1512 2236 Triballorum
1542 2215 1672 2248 proce-

218 2258 299 2279 rum
324 2247 365 2279 in
398 2246 644 2280 dissuadendo
679 2248 773 2281 bello
810 2248 988 2289 aequitas.
1054 2249 1142 2283 Viae
1178 2247 1231 2282 ad
1251 2248 1443 2294 fugitivos
1482 2245 1671 2283 iuvandos

218 2293 419 2336 complures
445 2292 531 2338 (55).
572 2295 685 2327 Casus
722 2293 935 2328 eorumdem.
985 2294 1200 2329 Strombitza
1237 2303 1273 2328 et
1308 2295 1511 2329 Melenicus
1537 2297 1670 2331 nolunt

215 2351 254 2372 se
286 2337 430 2374 dedere.
478 2340 726 2373 Proto-strator
760 2340 812 2374 ad
830 2340 996 2384 fluvium
1030 2342 1183 2386 Nigrum
1220 2341 1401 2375 seniorem
1432 2342 1577 2375 vincit.-
1603 2354 1672 2376 neo

215 2385 377 2418 laetatur
405 2386 587 2419 victoriae
615 2387 744 2419 nuntio
778 2387 914 2421 iunior.
977 2386 1120 2421 Foedus
1157 2399 1236 2421 cum
1263 2389 1388 2421 Moeso
1413 2400 1525 2422 senex
1538 2387 1668 2435 facit,-

214 2430 266 2462 ad
285 2431 405 2464 urbem
436 2432 563 2464 iunior
588 2432 752 2473 accedit,
781 2445 903 2476 pacem
928 2434 1058 2468 iterum
1095 2434 1299 2479 iterumque
1321 2434 1426 2479 petit.
1474 2435 1558 2468 Duo
1589 2433 1669 2480 ple-

212 2476 287 2509 beii
315 2478 662 2523 Constantinopolin
684 2478 844 2522 produnt
870 2479 956 2526 (56).
1006 2481 1175 2513 Pulcrum
1202 2480 1399 2525 exemplum
1429 2480 1667 2515 Christianae

208 2522 499 2557 mansuetudinis
513 2523 746 2558 Andronicus
769 2526 899 2560 minor.
935 2526 1193 2560 Proditoribus
1212 2527 1414 2570 praemium
1441 2525 1669 2570 condignum

205 2569 441 2613 promittitur.
491 2571 636 2603 Moesus
656 2571 708 2604 ad
729 2572 896 2618 confinia
922 2574 1048 2612 copias
1074 2572 1240 2608 adducit.
1278 2572 1399 2617 Nepos
1426 2573 1531 2607 abire
1548 2574 1670 2617 Logos

207 2613 383 2649 decernit.
438 2616 637 2662 Quaeritur
671 2629 737 2650 cur
777 2619 852 2652 tria
884 2619 1004 2651 millia
1038 2620 1200 2664 equitnm
1226 2631 1249 2652 a
1275 2619 1411 2652 Moesis
1443 2619 1667 2661 Byzantium

207 2661 329 2696 missa.
375 2663 475 2697 Avus
513 2664 746 2698 monitionem
772 2664 814 2700 de
849 2666 1014 2710 periculo
1041 2664 1243 2710 vilipendit
1267 2664 1354 2711 (57).
1403 2665 1668 2711 Interrogatur.
