1832 3138
203 50 205 53 ’
238 49 340 104 182
759 57 1133 102 mmmmm-<1
1169 109 1172 113 r

39 173 122 212 ΛΕ.
137 174 220 209 1322
232 167 315 209 τῶν
335 162 667 221 έπιφανεστέρων
686 161 950 202 διακεῖσθαι.
988 161 1028 203 εἰ
1049 160 1089 202 δ’
1118 155 1220 212 ὖμῖν
1251 159 1370 202 δοκεῖ’
1385 156 1461 203 καὶ
1477 159 1682 216 προπότ-

231 246 324 273 τετε
345 230 487 281 τοῦτο,
525 227 597 268 καί
618 227 720 266 καθ’
745 221 927 276 ἑαυτούς
947 223 1080 280 ἡμεῖς,
1109 222 1149 266 οἱ
1168 225 1241 279 τῆς
1263 218 1520 282 συγκλήτου,
1561 223 1684 282 ποιή-

232 311 378 344 σαντες
401 290 619 346 ἐκκλησίαν
648 286 688 344 ὅ,
708 306 751 334 τι
769 287 855 347 χρὴ
882 289 1082 347 πράττειν
1104 290 1422 345 βουλευσόμεθα
1441 289 1540 348 περὶ
1559 291 1684 340 τοῦδε

236 361 314 402 τοῦ
333 357 558 411 πολέμου.”

110 441 148 476 Ρ.
165 437 233 474 113
349 423 416 479 λή.
465 422 782 470 Ἐπαινέσαντος
803 419 850 463 δὲ
872 421 948 463 τοῦ
968 421 1248 476 πρεσβυτέρου
1275 422 1480 474 βασιλέως
1498 418 1574 463 καὶ
1589 419 1709 467 ἐπι-5

134 487 228 530 V·9¹
241 490 472 545 τρέψαντος
492 484 568 541 τὴν
586 483 764 541 βουλὴν,
794 487 838 528 οἳ
862 501 906 527 τε
929 483 1036 539 μετὰ
1057 486 1130 527 τοῦ
1149 484 1243 528 νέου
1261 487 1466 540 βασιλέως
1489 484 1686 535 ἐλθόντες

240 557 312 598 καί
337 551 376 595 οἱ
399 553 457 611 τῷ
486 553 753 609 πρεσβυτέρῳ
783 550 973 600 συνόντες
1006 551 1052 593 έν
1082 551 1305 609 Βυζαντίῳ
1343 551 1426 610 τῷν
1453 550 1686 608 ἐπιφανῶν,

202 614 579 676 Βπροστεταχότων
609 618 693 659 τῶν
719 618 953 672 βασιλέων,
981 617 1028 659 ἐν
1048 618 1198 670 μέσαις
1219 622 1312 666 ταῖς
1340 613 1575 674 βασιλείοις
1589 616 1688 656 ἐκα-

238 687 458 740 θέσθησαν
480 682 643 735 αὖλαΐς,
671 680 994 736 βουλευσόμενοι
1014 680 1113 736 περὶ
1141 683 1219 724 τοῦ
1242 683 1453 734 πολέμου.
1492 680 1611 737 συγῆς
1638 680 1687 723 δὲ

239 750 459 807 γενομένης
479 745 551 789 ἐπὶ
569 745 732 803 μικρὸν,
749 745 789 789 οἱ
810 747 855 790 ἐν
870 748 1088 805 Βυζαντίῳ
1110 745 1207 796 τούς
1225 745 1329 800 μετὰ
1350 746 1424 788 τοῦ
1440 746 1536 789 νέου
1557 743 1744 800 προῦ-ιο

242 815 441 856 καλοῦντο
468 813 674 867 βασιλέως
705 811 921 866 ἐλθόντας,
947 813 1016 870 ἐφ’
1039 809 1101 862 οἷς
1130 811 1360 867 συνήγαγον
1378 807 1455 866 τὴν
1472 810 1691 866 ἐκκλησίαν

243 882 400 934 λέγειν,
438 877 496 929 ὥς
518 877 659 920 αὐτῶν
683 874 789 920 ἅττα
814 872 867 921 ἂν
893 879 1067 932 λέγωσιν
1096 878 1407 934 ἀκουσομένων.
1453 875 1620 919 ἐκείνων
1642 874 1691 917 δὲ

242 943 313 988 τὸν
338 945 470 998 μέγαν
502 944 744 996 ὃομέστικον
762 942 1104 999 προτρεπομένων
1133 945 1265 998 λέγειν
1288 941 1346 992 ὥς
1369 938 1441 983 καὶ
1467 939 1609 982 αὕτῶν
1639 937 1692 992 τὰ

243 1008 319 1053 ἴσα
345 1009 418 1050 καί
443 1008 710 1062 βουλομένων
732 1008 806 1050 καί
826 1008 1104 1064 φρονούντων,
1134 1006 1156 1050 ὅ
1183 1009 1314 1062 μέγας
1343 1000 1694 1061 δομέστικοςέἶπε

244 1072 409 1117 τοιάδε·
458 1067 642 1130 »ἄνδρες
666 1074 1002 1128 συστρατιῶται,
1041 1074 1086 1116 ἐν
1118 1071 1194 1131 ἴσῳ
1215 1071 1370 1123 πάντες
1393 1067 1611 1128 ἅνθρωποι
1630 1070 1749 1117 ‹iv-15

246 1140 416 1182 καιοῦσι
437 1139 496 1195 τῷ
514 1154 561 1181 τε
577 1139 651 1193 τῆς
672 1136 948 1194 ὑπαρχούσης
974 1138 1096 1194 δόξης
1115 1138 1330 1196 ύφιεμένῳ
1358 1139 1607 1195 μέμφεσθαι
1623 1125 1696 1177 διοὶ

213 1216 241 1251 c
249 1201 485 1258 μαλακίαν,
531 1203 605 1245 καὶ
624 1200 698 1245 τὸν
724 1203 800 1259 τῆς
819 1200 879 1258 μή
907 1202 1192 1259 προσηκούσης
1216 1202 1454 1259 θρασύτητι
1477 1202 1697 1258 ἐφιέμενον

248 1274 414 1324 μισεῖν.
454 1265 522 1311 διὸ
547 1266 622 1310 καί
637 1263 764 1316 αὐτὸς
793 1267 844 1309 οὗ
867 1270 942 1323 τῆς
961 1266 1021 1323 pm)
1047 1268 1332 1324 προσηκούσης
1353 1267 1455 1323 ἡμῖν
1476 1265 1598 1322 δόξης
1622 1260 1698 1310 ἆν-

250 1333 455 1388 τὲχεσθαι
482 1331 754 1389 παρελήλυθα
776 1331 1123 1387 συμβουλεύσων,
1151 1332 1260 1375 ἀλλὰ
1278 1332 1352 1389 τὴν
1376 1329 1456 1374 ὖπὸ
1484 1332 1569 1374 τῶν
1592 1344 1698 1387 προ-

252 1397 385 1454 γόνων
410 1398 471 1448 εἷς
506 1397 620 1454 ἡμᾶς
655 1394 790 1452 ιῖγῶσι
828 1398 900 1440 καί
934 1396 1078 1447 πόνοις
1109 1399 1394 1446 διασωθεῖσαν
1431 1396 1606 1457 ἀτολμίᾳ
1644 1395 1765 1453 τῇαό

253 1462 361 1519 πρὸς
385 1462 438 1506 τὰ
463 1462 578 1505 δεινοὶ
606 1462 768 1506 ἐλάσσω
789 1461 849 1519 μὴ
875 1469 1023 1506 ποιεῖν.
1050 1461 1109 1519 μή
1139 1462 1388 1519 θαυμάσητε
1415 1464 1476 1518 δὲ,
1502 1463 1553 1517 εἰ,
1574 1464 1699 1516 βασι-

254 1530 375 1573 λεῦσι
403 1530 501 1584 περὶ
523 1529 606 1570 τῶν
637 1528 836 1570 τοιούτων
861 1528 1145 1582 βουλεύεσθαι
1167 1530 1398 1585 προσῆκον,
1437 1524 1569 1576 αὐτὸς
1597 1526 1700 1581 ὖμῖν

255 1589 478 1651 προύθηκα
500 1590 576 1650 την
598 1591 767 1648 βουλήν.
793 1593 977 1649 ἡγοῦμαι
991 1591 1072 1649 γὰρ
1101 1593 1174 1635 καί
1198 1594 1319 1636 πόλιν
1338 1593 1700 1650 αὕτονομουμένην

350 1683 384 1707 a.
405 1670 523 1718 ἡμεῖς,
546 1670 645 1719 quod
664 1682 731 1717 pro
753 1670 864 1718 ὑμεῖς
874 1671 1030 1712 restitui,
1042 1672 1155 1719 Intpr,
1174 1680 1320 1720 quoque
1331 1673 1371 1707 in
1388 1683 1453 1708 suo
1466 1671 1543 1707 cod.
1555 1671 1656 1717 legit-

260 1751 523 1786 illustrioribus
550 1751 670 1784 inesse
698 1750 790 1784 mihi
820 1751 1033 1795 persuadeo.
1082 1751 1132 1785 Ac
1156 1752 1187 1787 si
1221 1751 1326 1786 vobis
1349 1751 1518 1793 videtur,
1546 1749 1703 1784 iubeatis

259 1799 360 1839 licet,
394 1803 431 1831 et
455 1808 536 1838 nos,
557 1797 625 1875 gui
650 1795 696 1830 de
721 1796 874 1831 consilio
902 1808 1045 1838 sumus,
1070 1803 1292 1833 conventum
1314 1804 1480 1844 agentes,
1515 1798 1613 1832 inter
1635 1807 1721 1832 nos=

262 1844 308 1878 de
333 1845 406 1877 isto
431 1843 531 1876 bello
585 1843 860 1876 eliberationem
889 1842 1118 1878 habebimus.

354 1892 410 1926 38.
459 1888 621 1923 Laudata
651 1889 720 1923 viri
751 1891 956 1930 sententia,
993 1891 1115 1924 senior
1145 1890 1339 1935 imperator
1367 1889 1529 1925 habendi
1556 1893 1701 1923 senatus

261 1936 325 1970 dat
347 1936 544 1980 negotium.
594 1936 688 1969 Tum
715 1941 752 1969 et
781 1936 845 1981 qui
880 1947 960 1969 cum
987 1942 1121 1981 nepote
1150 1936 1390 1978 advenerant,
1425 1942 1464 1971 et
1493 1936 1557 1982 qui
1588 1946 1706 1980 penes·

260 1994 365 2018 avum
400 1982 565 2024 Byzantii
591 1987 694 2015 erant
721 1978 887 2015 homin‘es
920 1982 1062 2016 nobiles
1100 1983 1200 2016 iussu
1230 1984 1488 2028 imperatorum
1525 1982 1565 2016 in
1598 1982 1703 2015 aulae

261 2028 384 2063 medio
410 2027 455 2060 ad
476 2028 752 2062 consultandum
778 2027 993 2071 considunt3
1018 2029 1239 2084 silentioque
1266 2030 1455 2075 paulisper
1485 2029 1606 2069 facto,
1629 2028 1702 2071 By-

261 2075 373 2111 zantii
399 2074 637 2108 hortabantur
657 2074 811 2108 iunioris
837 2075 1009 2115 comites,
1036 2081 1077 2109 ut
1098 2075 1142 2109 de
1161 2077 1229 2117 ils,
1254 2076 1408 2121 quorum
1437 2086 1541 2111 causa
1569 2084 1704 2108 conve-

261 2121 428 2160 nissent,
452 2120 636 2163 dicerent3
663 2131 700 2154 se
735 2132 971 2167 quaecunque
1006 2121 1167 2155 dixerint
1190 2121 1388 2156 audituros.
1436 2121 1526 2156 Cum
1558 2121 1615 2155 illi
1638 2119 1702 2154 has

191 2184 204 2202 r
262 2172 382 2213 partes
413 2165 459 2199 ad
480 2178 648 2211 magnum
679 2166 918 2200 domesticum
941 2167 1148 2207 deferrent,
1176 2168 1322 2214 quicum
1346 2167 1470 2202 eadem
1491 2167 1629 2202 vellent
1661 2177 1704 2200 ac

263 2215 463 2252 sentirent,
498 2224 643 2246 exorsus
678 2217 733 2246 est
763 2213 826 2246 ille
851 2212 948 2246 hunc
980 2214 1018 2246 in
1047 2212 1216 2248 modum:
1250 2214 1387 2248 Omnes
1411 2213 1599 2254 homines,
1632 2213 1704 2247 viri

265 2259 550 2299 commilitones,
586 2258 748 2304 adaeque
786 2259 919 2292 iustum
946 2265 1088 2301 rentur,
1136 2265 1173 2293 et
1199 2260 1245 2294 de
1278 2261 1462 2306 praesenti
1495 2260 1607 2305 gloria
1639 2270 1703 2292 sua

265 2311 416 2352 propter
437 2305 689 2338 infractionem
704 2305 815 2338 animi
845 2304 1080 2340 decedentem
1102 2306 1388 2350 reprehendere,
1414 2306 1610 2341 et.laudem
1630 2304 1703 2339 sibi

266 2352 418 2386 minime
449 2363 638 2396 congruam
676 2350 898 2385 confidenter
930 2357 1159 2396 appetentem
1195 2353 1358 2386 aversari.
1418 2352 1596 2399 Quocirca
1626 2362 1703 2385 non

267 2409 334 2443 ego
363 2398 403 2432 in
430 2397 591 2431 medium
617 2397 777 2442 prodeo,
818 2403 860 2431 ut
887 2398 990 2434 vobis
1027 2399 1162 2444 gloriae
1195 2410 1270 2432 non
1308 2398 1453 2433 debitae
1489 2397 1701 2432 asserendae

269 2449 396 2477 auctor
413 2444 502 2486 sim3
527 2443 590 2477 sed
613 2449 653 2477 ut
673 2445 768 2485 eius,
794 2455 903 2490 quam
932 2445 1086 2478 maiores
1113 2446 1223 2480 vestri
1248 2446 1383 2490 magnis
1407 2443 1703 2479 contentionibus

269 2489 531 2534 laboribusque
553 2495 692 2534 partam
717 2490 762 2523 ad
783 2501 845 2522 vos
862 2491 1146 2531 transmiserunt,
1166 2502 1232 2536 per
1259 2492 1437 2537 ignaviam
1458 2490 1503 2524 ad
1523 2501 1577 2523 res
1596 2489 1702 2524 duras

270 2547 345 2569 non
371 2535 617 2569 obscurandae
640 2537 830 2569 consilium
853 2536 1070 2581 impertiam.
1118 2536 1172 2570 Ne
1199 2548 1283 2572 vero
1310 2537 1439 2570 mirum
1474 2535 1632 2576 accidat,
1657 2536 1703 2578 si,

271 2593 352 2616 cum
380 2582 462 2617 talis
484 2579 706 2627 ,deliberatio
730 2582 960 2626 imperatores
997 2583 1144 2624 deceat,
1177 2594 1241 2629 ego
1270 2595 1347 2618 eam
1367 2583 1470 2617 vobis
1490 2583 1700 2628 proponam.

272 2628 331 2665 Sic
350 2629 448 2665 enim
468 2633 585 2665 statuo
600 2653 611 2672 ,
638 2634 675 2664 et
705 2629 886 2665 civitatem
910 2629 1062 2664 liberam
1093 2634 1129 2664 et
1151 2641 1299 2677 reguum
1321 2630 1403 2677 plus
1426 2629 1576 2676 privatis
1603 2639 1701 2664 cum-
