1852 3146
312 109 331 145 1
342 89 417 164 98
833 95 1204 157 CANTACUZEM
1239 54 1242 64 ‹

107 216 147 255 Α.
163 216 294 254 αιδαῦ
307 206 381 250 τὸν
403 199 579 259 ἅμβωνα
596 198 799 256 χωροῦσι.
827 197 963 254 σιωπῆ
989 199 1036 242 δὲ
1055 201 1211 253 βαθεῖα
1236 197 1311 242 καὶ
1330 194 1540 257 ἀταραξία
1565 187 1750 264 roxum-1

298 273 376 320 θος
403 269 565 321 κατέχει
582 263 679 307 πᾶν.’
698 263 721 306 ὅ
746 264 792 306 δὲ
813 264 1077 320 πατριάρχης
1097 262 1176 314 τάς
1197 263 1270 307 ἐπὶ
1282 264 1424 322 χρίσει
1440 266 1522 308 τῶν
1538 265 1754 319 βασιλέων·

300 329 619 384 συντεθειμένας
661 329 811 371 δίεισιν
842 326 999 382 εὐχάς,
1035 326 1111 378 τὰς
1149 330 1229 382 μὲν
1270 329 1412 387 ἧσυχῇ
1447 332 1544 372 καθ’
1577 325 1742 382 ἑαυτὸν,

300 398 391 442 ἔστι
411 399 449 438 δ’
476 392 528 445 ἃς
551 392 624 436 καὶ
642 395 701 444 εἷς
721 391 894 449 ἐπήκοον
916 392 1103 447 πάντων,
1140 391 1212 435 καί
1244 395 1300 452 τῷ
1314 396 1634 452 χρισθησομένῳ
1661 393 1745 443 ἕξι-

301 462 496 506 λάσκεται
516 456 563 502 τὸ
581 462 712 506 θεῖον.
740 457 844 512 μετὰ
867 460 990 501 τοῦτο
1021 459 1067 500 δὲ
1099 457 1126 499 o‘
1148 459 1314 512 μέλλων
1338 459 1650 515 χρισθήσεσθαι
1664 460 1771 512 Bou-5

259 526 444 578 Βσιλεὺς
475 523 521 568 τὸ
558 522 836 579 ἒπικειζιιενον,
878 520 915 578 ὅ,
926 540 967 566 τι
992 519 1046 566 ἂν
1065 517 1116 581 ᾗ,
1142 525 1192 581 τῇ
1218 525 1380 580 κεφαλῇ
1412 525 1603 581 ἀφαιρεῖ.
1629 516 1746 567 vero*-

298 607 448 646 μισται
480 591 521 632 δ’
557 587 708 632 αὕτίκα
735 589 907 643 πάντας,
934 585 1024 631 ὅσοι
1054 589 1246 645 πάρεισιν
1271 586 1389 639 ἐντὸς
1413 590 1490 632 τοῦ
1516 589 1643 643 ναοῦ,
1670 603 1746 644 γυ-

300 662 427 712 μναῖς
447 658 520 699 καί
544 653 697 705 αὕτοὺς
717 651 890 697 ἑστάναι
909 658 1124 710 κεφαλαῖς.
1153 654 1179 696 ὅ
1202 652 1471 710 πατριάρχης
1492 655 1540 696 δὲ
1562 655 1622 712 τῷ
1641 653 1746 711 θείῳ

301 719 423 779 μύρῳ
460 721 743 776 σταυροειδῶς
773 718 888 776 χρίει
930 718 1007 774 τὴν
1043 721 1249 773 βασιλέως
1285 717 1496 775 κεφαλὴν,
1546 719 1747 774 ἐπιλέγων

301 784 460 844 μεγάλῃ
495 787 617 842 φωνῇ
627 802 639 814 ·
679 781 811 840 ἅγιος.
850 781 1140 838 διαδεχόμενοι
1182 785 1230 827 δὲ
1264 782 1302 825 οἱ
1329 785 1401 826 ἐπὶ
1433 785 1509 826 τοῦ
1549 778 1799 839 ἅμβωνρςιο

300 847 514 904 ἱστάμενοι
537 848 611 906 τὴν
630 848 800 907 φωνήν,
838 851 884 891 ἐκ
920 851 1062 906 τρίτου
1099 849 1173 892 καὶ
1199 847 1324 891 αὐτοὶ
1363 851 1580 904 λέγουσιν·
1616 845 1746 904 ἅγιος.

301 917 459 971 ἑφεξῆς
484 917 531 957 δὲ
557 917 631 956 καί
653 916 735 957 πᾶν
763 912 812 959 τὸ
836 916 997 972 πλῆθος
1035 913 1081 958 τὸ
1111 913 1217 957 αὐτὸ
1246 915 1512 972 ’ἐπιφωνοῦσι
1538 912 1748 956 τοσαυτά-

299 996 376 1029 κις.
404 977 509 1033 μετά
535 982 659 1022 τοῦτο
698 981 782 1022 τῶν
816 972 983 1023 οἷδύτων
1009 978 1123 1031 ἐντὸς
1153 978 1270 1037 παρά
1301 978 1506 1022 διακόνιον
1529 977 1609 1030 τὰς
1631 977 1748 1036 ἱεράς

299 1045 585 1098 ἐνδεδομένων
611 1043 761 1095 στολάς
784 1045 1064 1100 κατεχόμενον
1090 1043 1136 1088 τὸ
1158 1047 1348 1100 στέμμα,
1379 1045 1449 1102 (οὗ
1470 1042 1552 1102 γάρ
1580 1042 1652 1087 ἐπὶ
1671 1045 1748 1099 τῆς·

298 1108 439 1165 ἱερᾶς,
467 1105 526 1158 (ὅς
544 1107 652 1159 τινές
672 1124 802 1166 φασι,
830 1109 1035 1166 τραπέζης
1063 1113 1228 1169 κεῖται,)
1263 1105 1435 1164 ἄγουσιν
1462 1111 1535 1152 ε’πί
1564 1107 1640 1152 τὸν
1662 1102 1801 1163 οἶα-15

298 1175 427 1228 βωνα.
462 1173 535 1215 καὶ
554 1172 638 1227 εἴγε
659 1173 841 1230 πάρεστι
864 1177 1190 1231 προεστεμμένος
1209 1173 1433 1230 βασιλευς,
1462 1171 1553 1229 ἅμα
1584 1174 1644 1233 τῷ
1664 1190 1748 1216 πα-

299 1236 483 1296 τριάρχῃ
507 1237 553 1280 τὸ
577 1239 744 1292 στέμμα
769 1238 984 1295 λαβόντες,
1022 1242 1259 1284 ἐπιτιθέασι
1285 1243 1336 1298 τῇ
1367 1242 1532 1298 κεφαλῇ’
1550 1241 1629 1283 τοῦ
1650 1240 1746 1283 νέου

176 1315 214 1353 Ρ.
233 1305 534 1357 193βασιλέως,
571 1303 645 1345 καί
677 1306 862 1361 ἐκφωνεῑ·
891 1304 915 1346 ὅ
948 1304 1239 1362 πατριάρχης·
1277 1301 1409 1356 ἄξιος.
1453 1303 1749 1360 διαδεχόμενοι

196 1379 294 1426 V,99
304 1369 350 1410 δὲ
377 1368 418 1411 οἱ
441 1367 513 1410 ἐπὶ
534 1369 611 1410 τοῦ
633 1363 838 1424 ἄμβωνος,
871 1371 918 1413 ἐκ
952 1373 1092 1427 τρίτου
1128 1372 1321 1425 λέγουσιν
1340 1371 1468 1415 mirol
1487 1386 1532 1414 τε
1565 1369 1641 1413 καὶ
1665 1370 1749 1412 ’πᾶν

299 1430 347 1477 τὸ
387 1435 548 1488 πλῆθος
583 1430 632 1476 ὃν
661 1434 814 1490 τρόπον
849 1436 922 1478 ἐπί
946 1438 1018 1478 τοῦ
1049 1431 1213 1493 μύρου.
1251 1434 1342 1479 εἶτα
1368 1437 1547 1491 ἐπιλέγει
1575 1434 1703 1478 πάλιν
1722 1434 1802 1479 520

299 1496 564 1554 πατριάρχης
585 1496 732 1552 εὐχάς,
770 1499 845 1542 καὶ
872 1501 1122 1561 κατέρχεται
1152 1503 1227 1544 τοῦ
1249 1497 1442 1556 ὅμβωνος
1475 1500 1498 1544 ὅ
1534 1499 1746 1556 βασιλεὺς,

301 1559 379 1603 οὐκ
410 1564 455 1614 ἐξ
479 1558 606 1619 οὗπερ
631 1563 789 1619 ἆνῆλθε
814 1566 998 1622 μέρους,
1037 1567 1132 1608 ἀλλ’
1162 1568 1208 1609 ἐκ
1246 1570 1325 1609 τοῦ
1347 1565 1451 1623 πρὸς
1484 1564 1560 1609 τὸν
1587 1569 1748 1609 σωλέαν

300 1628 601 1683 τετραμμένου.
628 1629 669 1669 εἰ
691 1630 771 1681 μὲν
793 1626 876 1672 οὖν
906 1633 1049 1687 συμβῇ
1086 1630 1145 1690 μή
1182 1635 1273 1677 κατ’
1310 1633 1468 1675 ἐκεῖνον
1501 1629 1574 1675 τὸν
1599 1629 1748 1686 καιρὸν

300 1690 412 1746 ἔχειν
435 1696 611 1746 γυναῖκα
631 1690 926 1748 τὸνβασιλέα,
955 1692 1085 1746 εὐθὺς
1109 1698 1181 1739 ἐπὶ
1207 1695 1284 1754 τὴν
1322 1695 1573 1754 ἀναβάθραν
1597 1694 1744 1750 andr,

393 1801 450 1825 αα.
476 1791 497 1825 ὅ
522 1790 660 1828 σωλέας
684 1802 764 1837 pars
789 1793 931 1838 templi.
974 1780 1034 1828 „De
1062 1793 1131 1829 hac
1158 1806 1246 1830 voce
1270 1795 1458 1832 Gretserus
1483 1796 1530 1831 ad
1553 1795 1745 1832 Codinum.

391 1838 473 1871 ΕΙ).
491 1839 532 1872 Ρ.
548 1837 638 1870 Add.
658 1839 816 1885 Ducang.
834 1840 898 1873 CP.
925 1840 1055 1875 Christ.
1081 1843 1120 1875 L.
1146 1843 1207 1876 III.
1232 1854 1267 1888 p.
1294 1844 1366 1888 64„
1419 1845 1457 1877 ui
1477 1844 1615 1878 soleam
1638 1842 1746 1877 docet

391 1884 640 1932 pavimentum
663 1885 776 1920 fuisse
797 1887 1015 1922 eminentius
1041 1894 1124 1922 ante
1142 1889 1351 1933 sacrarium,
1374 1902 1398 1923 u
1427 1891 1441 1925 i
1465 1895 1541 1924 erat
1563 1890 1686 1924 altare.

300 1982 386 2006 nem
409 1971 570 2007 vadunt:
601 1974 758 2019 populus
784 1976 972 2011 universus
1000 1977 1112 2012 altum
1141 1979 1366 2026 quietissime
1394 1979 1488 2013 silet.
1537 1978 1742 2026 Patriarcha

301 2019 529 2063 precationes
555 2019 601 2052 ad
627 2021 884 2066 imperatorum
918 2026 1127 2058 unctionem
1153 2027 1391 2070 compositas,
1427 2027 1514 2060 alias
1540 2027 1741 2067 summissa,

302 2064 391 2098 alias
415 2065 510 2097 clara
531 2075 639 2108 voce,
674 2068 840 2101 omnibus
869 2069 1124 2113 audientibus,
1160 2071 1289 2106 ordine
1316 2073 1464 2113 recitat,
1492 2083 1534 2105 ac
1553 2073 1670 2106 Deum
1690 2072 1739 2113 ei,

303 2111 368 2155 qui
394 2110 579 2155 ungendus
606 2118 682 2153 est,
716 2115 902 2158 propitiat.
951 2117 1044 2149 Tum
1077 2129 1191 2152 novus
1213 2120 1584 2164 imperator-tegmen
1612 2119 1742 2163 capitis

304 2155 546 2202 quodcunque
569 2159 691 2199 fuerit,
718 2158 881 2205 deponit,
907 2167 943 2196 et
955 2169 1135 2209 quotquot
1147 2165 1187 2198 in
1206 2166 1341 2210 templo
1359 2165 1491 2199 adsunt
1500 2165 1643 2198 solenni
1660 2175 1745 2198 mo·

303 2213 365 2243 re,
391 2202 537 2236 nudatis
562 2205 757 2238 verticibus
772 2230 782 2247 ‚
806 2213 933 2242 astant.
963 2209 1164 2244 Patriarcha
1195 2211 1235 2244 in
1267 2212 1418 2245 formam
1438 2211 1552 2246 crucis
1571 2211 1743 2244 verticem

303 2248 533 2293 imperatoris
567 2261 664 2284 sacro
691 2258 875 2296 unguento
904 2255 1073 2299 perlinit,
1111 2262 1148 2290 et
1171 2258 1266 2291 elata
1289 2268 1376 2291 voce
1406 2257 1525 2291 addit:
1574 2262 1740 2300 sanctus,

305 2305 412 2339 quam
435 2295 656 2339 excipientes
679 2299 742 2342 qui
762 2300 801 2331 in
825 2300 978 2334 ambone
994 2308 1100 2343 stant,
1124 2308 1181 2337 ter
1203 2304 1467 2347 pronuntiant:
1491 2302 1590 2349 quod
1606 2302 1740 2336 deinde

303 2341 460 2389 populus
477 2341 644 2375 similiter
662 2343 759 2377 facit.
808 2346 932 2379 Postea
960 2359 1142 2390 coronam,
1164 2361 1272 2395 quam
1300 2347 1655 2392 in'adytisDiaconi
1683 2359 1742 2382 sa-

306 2396 380 2420 cras
406 2387 515 2419 stolas
536 2388 691 2422 ferentes
708 2395 846 2432 tenent,
876 2394 958 2438 (nec
980 2396 1094 2435 enim,
1129 2401 1171 2433 ut
1186 2395 1334 2441 quidam
1360 2396 1484 2436 aiunt,
1515 2406 1622 2440 super
1638 2396 1740 2428 rnen-

307 2443 380 2468 sam
400 2444 532 2465 sacram
554 2435 766 2482 1·eponitur,)
787 2436 833 2468 ad
851 2439 1040 2473 ambonem
1056 2447 1212 2486 portant.
1282 2441 1390 2485 Quod
1410 2443 1440 2475 si
1461 2441 1563 2474 adest
1584 2441 1742 2485 impera-

307 2483 366 2513 tor
393 2484 498 2512 antea
522 2487 732 2522 coronatus,
759 2494 837 2515 cum
859 2486 1060 2528 patriarcha
1084 2498 1176 2520 novo
1196 2488 1402 2531 imperatori
1425 2498 1593 2521 coronam
1620 2488 1739 2532 impo-

307 2525 383 2564 nit,
409 2530 446 2558 et
466 2526 638 2559 exclamat
658 2529 881 2570 patriarcha:
914 2531 1053 2576 dignus.
1114 2533 1213 2566 Idem
1233 2534 1379 2566 tertium
1397 2534 1599 2567 exclamant
1615 2534 1678 2579 qui
1699 2535 1739 2567 in

309 2570 463 2605 ambone
483 2577 584 2613 sunt,
624 2577 660 2605 et
683 2580 764 2617 post
784 2586 844 2608 eos
868 2579 1045 2621 populus:
1069 2579 1245 2623 perinde,
1277 2583 1318 2612 ut
1342 2585 1425 2624 post
1442 2581 1650 2613 unctionem
1671 2579 1739 2612 fie-

307 2616 380 2653 bat.
434 2617 526 2650 Tum
550 2629 668 2652 rursus
693 2621 895 2663 patriarcha
922 2634 1045 2668 preces
1070 2625 1209 2666 recitat,
1240 2624 1499 2672 descenditque
1519 2637 1563 2659 ex
1585 2625 1738 2659 ambone

309 2661 524 2712 imperator,
555 2675 629 2702 non
662 2677 732 2716 qua
764 2673 865 2715 parte
901 2670 1130 2714 ascenderat,
1163 2670 1226 2707 sed
1250 2681 1371 2709 versus
1390 2672 1536 2709 soleam.
1585 2672 1624 2708 Si
1645 2672 1739 2709 torto
