1832 3138
301 102 407 170 144
829 97 1201 163 mmmuzmi

94 223 176 259 ΑΒ·
194 225 280 260 ¹322
291 222 364 265 καί
388 219 682 277 εὑχαριστίαις
707 217 995 275 ἅμειψόμενος.
1025 221 1148 277 ἕγγὺς
1175 224 1223 265 δὲ
1243 223 1482 280 Σηλυβρίας
1506 223 1740 278 γενομθόις

287 288 404 338 ἔδοξε
431 285 694 340 καταβάντας
721 288 805 328 ταῖν
832 288 970 331 ἵππων
992 287 1371 331 διαναπαύσασθαι
1396 286 1560 346 μικρόν.
1613 304 1740 344 στρα-

287 352 585 394 τοπεδεύονται
613 348 664 407 δὴ
695 348 811 408 παρὰ
833 355 892 409 τῷ
914 352 1104 411 φρουρίῳ
1134 351 1319 407 Σάκκων,
1347 352 1530 412 πολεμίῳ
1546 355 1628 408 μὲν
1650 347 1740 396 ὄντι

287 416 359 460 διὰ
390 416 438 459 τὸ
469 414 701 474 Συργιάννῃ
729 419 808 470 μὲν
836 421 1160 474 προσχωρῆσαι,
1200 418 1274 460 καί
1299 418 1397 469 τοὺς
1424 420 1471 462 ἐκ
1496 419 1738 470 Βυζαντίου

289 481 542 539 στρατιώτας
572 485 644 525 ἐπὶ
674 483 733 540 τῷ
759 482 1075 540 Σηλυβριανούς
1097 483 1410 540 ὑπερδέχεσθαι
1439 485 1713 541 κατατρέχειν
1725 488 1765 529 ·5

191 548 670 606 Ρ.9οκαταφρονουμένῳ
698 550 744 591 δὲ
773 544 909 599 ἄλλως
939 549 1009 591 διοί
1037 565 1083 591 τε
1109 547 1524 605 τὴνόλιγότητακαί
1544 548 1740 606 ἀπειρίαν

286 617 371 658 τῶν
397 613 678 668 ἐνοικούντων,
708 614 903 671 (ἀγρόται
930 614 1008 671 γάρ
1033 607 1140 670 ἦσαν
1163 614 1314 664 πάντες
1333 613 1537 674 γηπόνοι,)
1567 614 1642 660 ιτα-ἰ
1657 612 1739 670 τὴν

288 681 530 738 φαυλότητα
554 681 637 722 τῶν
661 682 838 734 τειχῶν.
881 680 920 722 οἱ
950 682 990 722 δ’
1017 681 1062 722 ἐν
1090 676 1209 737 αὑτῷ
1235 681 1293 737 τῷ
1320 678 1509 738 φρουρίῳ
1537 681 1740 735 ἐγκεκλει-

285 749 445 800 σμένοι,
476 742 613 802 ῶσπερ
647 742 926 801 ἀγνοήσαντες
948 743 1124 794 ἑαυτοὺς
1154 744 1228 787 καί
1251 747 1334 788 τῶν
1361 745 1658 801 περικειμένων
1682 743 1740 796 ὥς

287 809 470 854 οὗδενῶν
497 813 866 867 καταφρονοῦντες,
896 808 1071 867 ὑ’βριζόν
1092 826 1138 852 τε
1160 808 1241 852 ἀπὸ
1267 813 1344 852 τοῦ
1359 810 1524 865 τείχους
1543 809 1793 860 norbani-ro

285 875 362 927 λοὶς
389 878 584 931 κατέχεον
612 878 825 932 λοιδορίας
853 876 929 918 καί
951 876 1158 930 βασιλέως
1187 874 1260 917 καί
1283 877 1366 919 τῶν
1393 875 1638 921 συνόντωνκε»
1671 891 1742 932 γε-

285 944 419 993 λάσας
441 944 487 984 δὲ
516 944 585 998 ἐφ’
611 938 672 992 οἶς
698 941 893 998 ὑβρίζετο
915 941 938 983 ὅ
958 941 1172 996 βασιλεῦς,
1201 944 1240 985 εἰ
1260 939 1368 991 οἶνος
1394 941 1469 997 εἴη’
1487 939 1740 998 veihana&

287 1008 453 1062 αὑτοῖς,
476 1008 733 1050 ἐπυνθάνετο
751 1009 835 1050 τῶν
849 1005 1093 1064 παρόντων·
1122 1010 1205 1050 τῶν
1227 1009 1274 1050 δὲ
1295 1004 1387 1050 οὔδ’
1409 1006 1647 1064 α’ρκοὺνῦὼς
1669 1007 1742 1050 εὕ-

289 1079 435 1130 πορεῖν
465 1070 622 1123 ’ὕδατος
656 1069 1011 1130 ἀποκριναμένων,
1042 1071 1255 1127 ,,οὖκοῦν”
1275 1072 1357 1130 ἔφη
1388 1075 1502 1127 ,,τῶ’·ν
1521 1071 1743 1128 ’μελαγχο-

250 1147 278 1180 Β
291 1142 363 1197 λᾷν
381 1139 590 1181 ποιουσῶν
608 1138 923 1195 ἐνεπλήσθησαν
944 1142 1169 1194 βοτανῶν.”
1194 1140 1395 1189 κελεύσας
1412 1139 1459 1182 δὲ
1480 1139 1626 1190 αὑτοῖς
1645 1139 1792 1182 τιναιὸ

290 1207 547 1260 παραινέσαι
574 1203 648 1245 καί
672 1210 903 1261 σωφρονεῖν
927 1206 1001 1246 καί
1025 1206 1156 1262 σιγᾷν,
1185 1202 1316 1255 αὔτὸς
1337 1201 1428 1258 ἅμα
1451 1210 1541 1254 τοῖς
1558 1198 1743 1261 ἄρχουσι

289 1269 396 1327 πρὸς
421 1271 642 1324 ἐπίσκεψιν
661 1267 834 1326 ἐξῄεσαν
863 1271 947 1311 τῶν
969 1273 1160 1313 σκοπῶν.
1206 1269 1246 1313 οἱ
1269 1272 1316 1314 δὲ
1349 1271 1572 1324 δυστυχεῖς
1593 1271 1744 1312 ἐκεῖνοι

292 1336 467 1379 Σάκκιοι
499 1332 620 1377 οὐδὲν
643 1337 804 1388 μᾶλλον
832 1334 1016 1391 ὑφίεσαν
1044 1337 1128 1378 τῶν
1163 1333 1330 1393 ὕβρεων
1364 1334 1438 1377 καὶ
1466 1335 1551 1378 τῶν
1575 1335 1742 1392 φωνῶν,

291 1403 384 1444 ἀλλ’
410 1402 591 1457 ἐχρῶντο
618 1399 731 1457 πάσῃ
754 1399 957 1454 δυνάμει.
986 1398 1032 1442 τὸ
1063 1402 1110 1442 δὲ
1139 1403 1221 1444 τῶν
1254 1402 1522 1457 στρατιωτῶν
1543 1398 1743 1443 οἰκετικὸν

290 1465 397 1523 πρὸς
421 1464 498 1521 τὴν
524 1464 760 1521 ὑπερβολήν
777 1467 862 1508 τῶν
889 1462 1053 1523 ’ὕβρεων
1081 1467 1358 1521 ἀχθεσθέντες
1366 1501 1379 1520 ,
1431 1465 1572 1517 αὑτοῖς
1597 1462 1797 1522 ἧξίουναο

291 1530 394 1581 τούς
418 1529 623 1580 δεσπότας
648 1532 876 1587 ἐπιτρέψαι
899 1529 944 1573 τὸ
979 1530 1123 1588 ἔργον.
1165 1531 1480 1588 ἐπιτρεψάντων
1511 1533 1559 1574 δὲ
1585 1530 1742 1585 αὐτῶν,

292 1594 597 1652 ἐπιδραμόντες
619 1592 731 1638 εἷλον
762 1596 980 1650 αὐτοβοεὶ,
1007 1595 1274 1651 πανταχόθεν
1302 1596 1561 1653 ὑπερβάντες
1583 1594 1628 1640 τὸ
1656 1603 1743 1639 τεῖ-

289 1678 389 1716 χος,
419 1657 492 1718 (ἧν
516 1659 596 1716 γὰρ
624 1660 869 1718 εὖάλωτον,)
909 1667 997 1710 τοῖς
1020 1663 1304 1718 προστυχοῦσι
1321 1654 1582 1718 χρησάμενοι
1605 1660 1743 1715 ξύλοις

294 1778 438 1807 acturus
477 1777 514 1806 et
548 1771 727 1806 beneficia
761 1783 1002 1806 remensurus.
1052 1772 1142 1807 Urbi
1175 1773 1574 1820 appropinquantibus,
1604 1773 1745 1820 placuit

290 1820 337 1853 ab
377 1820 480 1865 equis
519 1818 760 1860 descendere,
798 1825 835 1852 et
878 1831 987 1864 super
1024 1818 1138 1853 herba
1164 1820 1274 1854 viridi
1308 1821 1498 1866 paululum
1525 1821 1742 1867 requiscere.

288 1868 397 1900 quta
422 1866 609 1899 castellum
635 1866 747 1910 igitur
780 1865 906 1899 saccos
946 1872 1261 1908 castrametantur,
1286 1866 1420 1900 hostile
1457 1867 1618 1914 quidem,
1643 1867 1742 1914 (nam

287 1926 310 1947 a
335 1914 534 1957 Syrgianne
559 1912 691 1953 stabat,
722 1913 1032 1958 Byzantinumque
1060 1914 1218 1946 militem
1243 1913 1289 1947 ad
1314 1913 1543 1957 Selybrianos
1567 1925 1633 1959 per
1657 1926 1741 1948 eru-

287 1960 457 2006 ptionem
489 1958 672 1992 vexandos
708 1958 943 2005 susceperat,)
979 1964 1098 1993 cetera
1125 1959 1454 2000 contemnendum,
1489 1960 1588 2005 quod
1618 1961 1742 2006 ipsum

286 2017 356 2052 per
382 2017 420 2039 se
447 2005 634 2050 exiguum:
666 2004 766 2050 quod
801 2006 942 2038 incolae
968 2005 1074 2039 rudes
1100 2017 1141 2039 ac
1178 2006 1350 2050 imperiti,
1387 2004 1526 2052 (omnes
1558 2007 1741 2053 siquidem

289 2057 394 2087 erant
427 2051 584 2098 rustici,)
612 2050 711 2096 quod
746 2052 840 2085 muri
873 2052 1029 2084 humiles
1054 2063 1095 2085 ac
1127 2051 1283 2088 demissi.
1334 2052 1408 2098 Qui
1443 2054 1554 2098 igitur
1575 2053 1675 2087 intus
1700 2065 1739 2087 se

287 2099 529 2139 incluserant,
569 2099 625 2130 uti
658 2103 774 2131 semet
809 2099 1014 2143 ignorantes
1049 2098 1185 2143 quique
1223 2099 1296 2133 sibi
1337 2099 1578 2134 imminebant
1613 2105 1741 2134 conte-

287 2151 456 2180 mnentes
483 2149 524 2177 ut
544 2144 681 2177 nullius
710 2145 834 2188 pretii,
859 2144 904 2178 de
926 2156 1028 2177 muro
1048 2156 1128 2178 cum
1154 2145 1350 2180 insolentia
1369 2157 1474 2180 voces
1498 2147 1742 2180 contumelio-

289 2203 345 2226 sas
380 2191 583 2224 identidem
618 2195 743 2223 contra
767 2191 1021 2235 imperatorem
1047 2192 1200 2237 eiusque
1225 2188 1344 2238 copias
1371 2191 1616 2227 effundebant.
1663 2192 1741 2238 Qui

289 2237 463 2272 renidens
489 2236 536 2270 ad
560 2237 735 2275 convitia,
773 2236 819 2269 ab
845 2238 1046 2271 astantibus
1071 2237 1268 2284 quaerebat
1284 2263 1294 2281 ‚
1328 2239 1530 2274 multumne
1555 2238 1652 2284 apud
1679 2250 1740 2274 eos

289 2285 368 2318 vini
395 2288 506 2327 esset;
546 2283 620 2316 illis
667 2283 994 2328 respondentibus,
1037 2295 1084 2318 ne
1122 2296 1237 2330 aquae
1270 2285 1419 2331 quidem
1456 2286 1564 2319 satis:
1601 2287 1740 2332 ltaque,

289 2331 470 2369 subiecit,
506 2329 629 2363 herbis
657 2329 836 2363 insaniam
863 2331 1119 2375 generantibus
1157 2343 1195 2365 se
1230 2333 1507 2378 ingurgitarunt.
1558 2326 1652 2375 Tum
1677 2342 1740 2366 eos

291 2377 482 2411 admoneri
515 2376 645 2417 iubet,
681 2377 737 2409 uti
771 2387 809 2410 se
839 2377 1003 2411 modeste
1037 2383 1164 2424 gerant
1190 2383 1227 2412 et
1258 2379 1400 2425 linguas
1438 2379 1741 2423 contineant;.et

291 2435 374 2458 cum
398 2423 626 2469 principibus
653 2424 830 2456 exercitus
857 2423 902 2456 ad
933 2431 1046 2458 metas
1072 2425 1309 2469 speculandas
1335 2425 1545 2470 digreditur.
1592 2425 1640 2460 At
1670 2426 1731 2459 in-

291 2471 418 2504 felices
450 2470 507 2503 illi
543 2469 659 2502 Saccii
693 2469 810 2503 nihilo
846 2471 959 2516 magis
988 2470 1033 2504 de
1064 2472 1299 2516 protervitate
1322 2477 1360 2513 et
1382 2471 1585 2506 maledictis
1609 2472 1737 2508 remit-

291 2523 393 2551 tere:
422 2516 485 2550 sed
514 2527 656 2549 omnem
681 2516 720 2549 in
744 2516 790 2550 iis
817 2516 1027 2551 facultatem
1054 2518 1223 2562 experiri.
1249 2519 1467 2561 Iniuriarum
1490 2518 1739 2564 magnitudine

293 2566 429 2597 offensa
458 2563 597 2608 gravius
619 2561 777 2595 militum
805 2564 951 2597 servitia
977 2563 1142 2597 dominos
1173 2570 1321 2610 rogant,
1356 2566 1412 2599 uti
1439 2565 1527 2609 ipsis
1551 2565 1738 2611 negotium

292 2609 502 2643 vindicandi
529 2609 766 2643 committant.
816 2610 1026 2655 Impetrant‚
1052 2615 1090 2643 et
1112 2611 1227 2656 primo
1252 2613 1404 2656 impetu,
1434 2612 1572 2646 truncis
1595 2623 1636 2646 ac
1661 2617 1738 2646 tra-

290 2656 402 2691 bibus
438 2656 556 2689 obviis
589 2655 669 2688 loco
705 2655 880 2690 scalarum
910 2658 985 2697 usi,
1010 2667 1151 2699 muros,
1176 2658 1275 2704 quod
1299 2657 1405 2692 facile
1428 2658 1520 2699 suit,
1559 2662 1737 2703 occupant

292 2709 331 2737 ct
355 2703 402 2738 ad
427 2701 655 2749 diripiendos
680 2702 870 2749 indigenas
895 2703 1110 2739 discurrunt.
1159 2703 1267 2739 Forte
1291 2705 1330 2739 in
1357 2715 1438 2739 casa
1464 2704 1620 2753 quadam
1639 2705 1735 2751 ignis
