1852 3146
315 114 342 148 2
360 95 424 160 14
852 106 1225 153 CANTACUZENJ

115 213 361 253 Aue-1326t5'
389 205 475 265 ’ἄρα
503 204 730 258 ἆνενδότως
768 204 856 262 ἔχει
885 206 958 250 καί
990 206 1049 264 μή
1080 207 1271 262 βούλοιτο
1307 208 1550 265 συγγνώμης
1585 208 1742 271 ἅξιοῧν,

174 284 215 318 V.
236 286 300 319 106
310 274 456 330 κύριον
487 267 584 316 ὅντα
615 271 779 315 πάντων
806 268 842 326 ὅ,
861 268 979 314 τι-ἄν
1007 274 1132 329 ἐθέλῃ
1146 273 1306 324 ,ἐξεῖναι
1333 272 1446 328 ἔλεγε
1468 279 1616 317 ποιεῖν.4
1641 275 1744 318 σὺν·

305 339 438 395 η’ρατο
466 338 492 379 δ
501 339 512 356 '
535 332 588 378 ἂν
613 335 688 379 καὶ
708 333 836 386 αὗτὸς
864 335 966 392 πρὸς
987 335 1034 378 τὸ
1065 336 1391 392 τιμωρήσασθαι
1419 337 1491 381 τὸν
1521 337 1740 397 ὑβριστὴν,

306 403 390 458 εἴγε
411 403 531 458 ἐνδεᾶ
555 403 629 456 τῆς
651 400 867 455 δυνάμεως
896 399 1008 456 ἑώρα
1035 399 1111 456 τήν
1130 401 1330 457 βούλησιν
1357 404 1613 460 κεκτημένον·
1642 405 1747 450 ’,ἐπεὶ

310 469 356 510 δὲ
388 464 466 509 ὅσα
497 462 548 508 ἂν
584 462 612 523 ᾗ
650 467 889 524 βουλομένῳ
932 468 1005 508 καί
1041 465 1215 515 δυνατός
1245 467 1338 508 ἐστι
1374 467 1767 525 καταπράξασθαιῤ

273 533 533 588 Βπεραινέτω
565 530 641 587 τήν
665 530 834 586 βουλήν.
903 533 1045 573 Ταῦτα
1068 533 1142 574 τοῦ
1170 532 1607 587 μεγάλου-λογοθέτου
1637 531 1744 591 πρὸς

305 599 482 653 βασιλέα
507 595 579 639 τὸν
610 595 887 653 πρεσβύτερον
913 593 1260 651 ἀπαγγείλαντος,
1301 594 1379 638 εἴτε
1413 603 1498 648 τοῖς
1519 601 1745 652 βεβουλευ-ὑ

304 663 445 717 μένοις
468 662 525 711 ὥς
552 663 803 705 λυσιτελέσιν
831 659 855 703 ὅ
879 660 1079 717 βασιλευς
1113 660 1316 716 πεισθεὶς,
1347 660 1426 704 εἴτε
1449 660 1523 718 τὴν
1544 663 1622 705 τοῦ
1647 665 1756 706 νέουΙ

306 726 615 782 καλοκάγαθιῖιν
642 725 874 780 αἰδεσθεὶς,
903 728 980 770 τοῦ
1010 728 1144 778 κακῶς
1172 732 1303 769 ποιεῖν
1333 725 1422 769 τὸν.
1439 725 1746 784 πρωτοβεστιῶ-

306 808 400 849 ριον
424 793 594 847 ἀπέστη.
634 788 744 834 οὕτω
771 794 850 846 μὲν
879 792 1131 848 ἀμφοτέροις
1161 789 1182 834 ὅ
1208 794 1299 842 νέος
1323 789 1546 847 βασιλεύς,
1586 794 1650 851 τῷ
1665 794 1801 847 μὲνιο

305 859 382 900 τοῦ
402 856 460 912 μή
485 862 661 912 πληγαῖς
682 855 788 914 πρὸς-
811 859 867 914 τῷ
896 858 1183 914 ἀτιμασθῆναι
1208 858 1487 913 συγκοπῆναι,
1514 859 1571 916 τῷ
1587 858 1749 902 ’δὲ-τοῦ

305 921 464 978 μὴδιὰ
497 922 592 976 βιόυ
625 920 908 978 δεσμωτήριον
938 923 1084 977 οἰκεῖν,
1126 922 1369 972 αἰτιώτατος
1392 920 1599 977 ἐγεγόνει..·
1622 918 1749 965 adron*

307 988 356 1029 δὲ
372 985 480 1040 μετὰ
503 985 655 1042 μικρὸν
680 988 726 1031 ἐκ
750 988 829 1030 τοῦ
851 982 988 1043 ἄκρως
1010 989 1378 1041 ἐκπεπολεμῶσθαι
1403 988 1462 1037 εἰς
1485 985 1747 1044 φιλίαν-συν-

306 1051 496 1102 ελθόντες
517 1050 589 1094 καί
614 1048 754 1108 ὅρκοις
783 1052 1098 1106 ἕμπεδιόσαντες
1123 1049 1382 1110 ἆλλήλουςῆ
1411 1052 1496 1110 μὴν
1521 1050 1748 1110 φρονήσειν

306 1113 465 1170 ταῦτὰ,
505 1115 610 1173 πρὸς
639 1114 711 1160 τὸν
747 1115 850 1161 κατὰ
886 1120 958 1160 τοῦ
977 1119 1072 1160 νέου
1104 1120 1309 1172 βασιλέως
1337 1118 1518 1172 πόλεμον
1548 1113 1675 1160 abrai
1700 1120 1800 1163 τειὸ

277 1181 562 1238 (Ξέξηρτύοντο
599 1180 673 1225 καί
694 1180 766 1226 τὸν
794 1185 971 1237 βασιλέα
1000 1182 1283 1239 παρεκάλουν,
1324 1181 1508 1233 ἆπάταις
1527 1181 1748 1240 χρώμενοι

310 1245 383 1288 καί
403 1247 629 1300 διαβολαῖς·
665 1249 738 1290 καί
759 1250 834 1302 τῆς
864 1245 1100 1303 εὐεργεσίας
1127 1248 1377 1291 ἀπεδίδοσαν
1396 1249 1525 1304 χάριν
1553 1246 1598 1291 τὸ
1616 1249 1747 1303 μέχρι

277 1349 282 1354 .
305 1309 488 1353 θανάτου
516 1315 720 1364 πολεμεῖν.
759 1308 850 1355 ἄλλ’
872 1314 1021 1355 ἐκεῖνοι
1044 1315 1123 1366 μὲν
1151 1309 1275 1355 οὕτω·
1301 1312 1500 1367 βασιλεύς
1525 1315 1573 1356 δὲ
1600 1313 1623 1356 o‘
1647 1328 1750 1369 πρε-

305 1375 505 1433 σβύτερος
529 1374 602 1417 τὸν
626 1373 998 1433 πρωτοβεστιάριον
1027 1372 1212 1433 ἄρχοντα
1237 1379 1499 1433 καταστήσας
1520 1377 1749 1435 ,Βαλαγρά-

306 1443 417 1494 δων,
456 1442 672 1496 προσηνῶς
698 1457 744 1483 τε
773 1442 846 1484 καί
868 1443 1034 1498 ἡμέρως
1060 1442 1267 1498 ὁμιλήσας
1291 1444 1363 1485 καὶ
1393 1442 1526 1486 πολλὰ
1555 1445 1800 1498 &namet-20

303 1505 478 1556 λάμενος
505 1501 555 1548 εὖ
581 1507 794 1561 ποιήσειν,
821 1508 1050 1561 ἐξέπεμψεν
1059 1541 1072 1561 ,
1111 1504 1218 1550 ὅσὼν
1241 1504 1292 1550 ἂν
1323 1509 1410 1551 δέοι
1441 1508 1546 1565 πρὸς
1570 1506 1644 1551 τὸν
1671 1507 1748 1550 πό-

306 1573 434 1622 λεμον
460 1567 569 1612 εἶναι
594 1571 983 1627 παρεσκευασμένον
1006 1572 1306 1628 παραγγείλας,
1347 1571 1405 1622 ὥς
1423 1570 1511 1626 ἅμα
1543 1575 1601 1630 τῷ
1627 1574 1748 1623 δέξα-

309 1637 414 1683 σθαι
439 1633 665 1692 γράμματα
693 1639 792 1693 παρ’
820 1637 956 1680 advo&
981 1640 1152 1691 βασιλεῖ
1182 1640 1239 1696 τῷ
1260 1640 1336 1697 νέῳ
1356 1638 1433 1694 τήν
1455 1641 1502 1682 ἐκ
1531 1640 1606 1693 τῆς
1625 1636 1749 1681 ἑσπέ-

401 1736 435 1782 4.
459 1737 519 1770 Sic
547 1738 672 1782 scripsi
709 1749 754 1772 ex
788 1738 994 1772 coniectura
1029 1738 1164 1784 Intpr.‚
1191 1749 1272 1772 cum
1293 1743 1400 1774 antea
1422 1743 1522 1773 esset
1545 1722 1748 1784 ἔνδεοῖτὲς

405 1784 613 1826 βουλήσεως
635 1783 734 1831 ἑώρα
754 1782 822 1827 τὴν
838 1783 1004 1831 δύναμιν
1026 1786 1265 1832 κεκτημένον.

312 1862 505 1896 exorabilis
528 1869 700 1905 maneret,
724 1863 793 1907 ipsi
821 1869 862 1897 ut
888 1875 1006 1898 rerum
1031 1865 1191 1900 omnium
1214 1862 1360 1898 domino
1384 1864 1493 1899 licere
1509 1864 1628 1899 facere
1648 1864 1749 1910 quod

309 1909 459 1946 liberet.
509 1909 554 1943 Se
579 1921 725 1955 quoque
756 1909 802 1943 ad
823 1909 1038 1944 iniuriosum
1063 1911 1167 1945 illum
1193 1911 1418 1955 puniendum
1441 1911 1642 1945 adiutorem
1669 1922 1749 1945 esse

311 1955 488 1995 voluisse,
522 1957 552 1989 si
575 1957 714 1990 videret
743 1956 871 1990 deesse
895 1957 1100 1991 facultatem
1125 1958 1185 1998 ei,
1223 1957 1281 1989 cui
1305 1958 1469 1990 voluntas
1493 1968 1568 1990 non
1595 1957 1746 1992 deesset.

311 2000 417 2034 Nunc
440 2002 525 2045 quia
549 2013 787 2048 quaecunque
812 2003 922 2035 vellet
939 2027 948 2042 ‚
975 2008 1154 2046 praestare
1188 2008 1322 2047 posset,
1347 2003 1480 2037 faceret
1501 2002 1600 2048 quod
1623 2004 1750 2038 vellet.

312 2046 410 2079 Haec
433 2053 624 2093 postquam
648 2059 794 2092 magnus
819 2048 1000 2092 logotheta
1026 2050 1105 2082 seni
1131 2049 1376 2089 renuntiavit,
1404 2050 1468 2082 ille
1492 2049 1636 2083 siveeo
1660 2060 1749 2083 con-

312 2092 396 2125 silio
424 2097 605 2138 tamquam
630 2094 712 2126 utili
736 2105 944 2138 persuasus,
969 2094 1043 2127 sive
1067 2095 1210 2139 nepotis
1234 2094 1452 2139 probitatem
1478 2095 1671 2136 reveritus,
1706 2096 1748 2129 in

312 2139 632 2182 protovestiarium
658 2140 941 2173 animadvertere
965 2140 1177 2184 supersedit.
1227 2142 1282 2174 Ita
1309 2140 1431 2175 iunior
1465 2142 1660 2185 imperator
1681 2142 1748 2175 uni

313 2184 471 2216 maxime
496 2185 653 2227 profuit,
677 2197 723 2218 ne
744 2197 822 2218 cum
836 2186 986 2220 infamia
1004 2186 1214 2221 verberibus
1232 2187 1530 2228 contunderetur,
1555 2187 1676 2228 alteri,
1700 2198 1748 2220 ne

317 2229 471 2262 aeternis
496 2231 649 2263 vinculis
675 2232 924 2265 mandaretur:
952 2232 1015 2277 qui
1041 2244 1116 2265 non
1140 2232 1203 2267 diu
1221 2238 1302 2276 post
1318 2243 1362 2265 ex
1386 2233 1626 2267 infestissimis
1653 2232 1748 2266 odiis

315 2276 356 2308 in
384 2276 529 2319 gratiam
553 2276 746 2309 redierunt.
777 2278 939 2323 Cumque
957 2277 1002 2311 ad
1027 2278 1123 2311 idem
1150 2277 1379 2312 sentiendum
1396 2278 1643 2312 iusiurandum
1661 2290 1749 2312 con-

315 2322 528 2355 firmationis
544 2333 625 2365 ergo
650 2321 918 2364 adhibuissent,
943 2324 1012 2366 ipsi
1027 2324 1163 2359 bellum
1181 2325 1427 2358 instruxerunt
1444 2324 1610 2370 dolisque
1631 2330 1668 2358 et
1686 2337 1747 2358 ca-

315 2367 464 2400 lumniis
492 2379 613 2400 senem
650 2369 900 2410 incenderunt,
920 2375 956 2402 et
978 2370 1154 2403 beneficia
1168 2370 1261 2404 bene
1282 2371 1449 2405 meritum
1465 2382 1578 2415 usque
1595 2371 1640 2404 ad
1652 2382 1750 2404 mor-

315 2417 388 2445 tem
412 2414 652 2458 oppugnando
681 2420 928 2458 pensaverunt.
956 2413 1074 2461 Atque
1091 2416 1131 2448 hi
1152 2415 1297 2461 quidem
1320 2416 1372 2449 ita
1395 2427 1432 2449 se
1455 2422 1650 2461 gesserunt.
1678 2418 1750 2451 Im·-

316 2464 462 2503 perator
482 2471 565 2492 avus
593 2462 906 2504 protovestiarium
928 2461 1202 2506 Balagradorum
1228 2461 1432 2506 praesidem
1458 2464 1604 2502 creavit,
1627 2463 1745 2496 beni·-

318 2517 385 2548 gne
410 2510 598 2539 tractatum
623 2518 702 2539 cum
724 2508 918 2540 multorum
931 2506 1190 2542 beneficiorum
1213 2508 1477 2551 pollicitatione
1499 2510 1639 2543 emisit:
1666 2520 1749 2542 cum

318 2553 580 2596 praecepisset,
622 2557 663 2584 ut
695 2552 971 2598 quibuscunque
996 2553 1042 2586 ad
1069 2554 1208 2587 bellum
1230 2565 1320 2597 opus
1345 2559 1439 2587 esset
1478 2560 1606 2598 parata
1629 2554 1749 2588 habe-

319 2602 396 2637 ret,
423 2609 494 2642 quo
524 2598 645 2631 statim
681 2604 788 2644 atque
815 2610 835 2631 a
861 2610 899 2631 se
925 2599 1063 2632 litteras
1089 2601 1308 2643 accepisset,
1335 2611 1379 2632 ex
1403 2601 1589 2634 occidente
1624 2602 1746 2645 copias

318 2643 358 2677 in
383 2650 551 2686 nopotem
576 2643 732 2678 duceret.
783 2643 849 2677 Cui
883 2645 1054 2687 scriptum
1092 2651 1147 2678 est
1179 2645 1223 2678 ab
1259 2646 1382 2679 amicis
1415 2647 1613 2688 Byzantio,
1642 2658 1747 2680 avum

317 2690 503 2735 propalam
529 2687 665 2725 bellum
689 2689 875 2727 adornare.
925 2690 1166 2735 Quamobrem
1191 2691 1224 2725 ei
1245 2696 1280 2726 ct
1302 2703 1427 2738 magno
1449 2692 1657 2734 domestico,
1681 2704 1747 2729 nee
