1852 3146
370 128 476 181 262
878 138 1248 184 CANTACUZENI

177 248 355 293 A·C.1327
367 241 546 296 ἔγνωσαν
581 235 778 281 ἆδύνατοι
805 233 909 279 εἶναι
936 236 1341 294 ἀντιπαρατάξασθαι
1368 237 1470 294 πρὸς
1496 235 1652 291 μάχην,
1676 234 1779 282 ἐπεῖ-ι

363 310 486 348 θοντο
516 306 574 356 δὲ,
603 306 729 359 μέχρι
747 301 952 352 Ξανθείας
976 304 1148 356 βασιλέα
1177 303 1418 359 ἐφθακέναι,
1448 298 1520 343 οὖκ
1546 299 1678 344 ἐδόκει
1704 303 1778 341 λυ-

362 373 533 413 σιτελεῖν
572 369 643 410 ἐπὶ
674 371 745 424 τῆς
781 365 908 423 αὖτῆς
941 370 1078 420 μένειν
1117 368 1459 423 στρατοπεδείας,
1489 366 1580 408 ἀλλ’
1607 358 1776 420 ἄραντες

361 431 538 486 &ket-‘3⁸15
577 428 706 487 ἦλθον
742 434 801 482 εἷς
839 431 999 487 Φερὰς,
1043 427 1132 484 ἅμα
1167 433 1244 483 μὲν
1287 430 1358 472 καὶ
1391 428 1461 472 διὰ
1487 430 1541 471 τὸ
1559 426 1633 483 τὴν
1657 425 1776 469 πόλιν

364 494 521 552 ὀχυράν
550 493 656 538 εἶναι
682 497 999 553 καρτερωτάτων
1025 497 1174 550 τειχῶν
1201 498 1433 550 περιβολαῖς
1458 495 1531 536 καὶ
1572 490 1802 548 ἄφθονίανό

322 561 445 602 Βτῶν
469 559 708 615 ἐπιτηδείων
733 562 960 615 δυναμένην
980 566 1168 616 χορηγεῖν
1194 562 1244 615 τῇ
1263 561 1436 615 στρατιᾷ
1452 556 1629 614 τοσαύτῃ
1660 549 1776 611 οὔσῃ,

366 621 455 677 ἅμα
481 626 527 666 δὲ
554 623 804 676 ἐλπίσαντες,
831 626 901 666 καὶ
927 626 1123 678 βασιλέα,
1159 619 1209 665 ἂν
1245 618 1395 672 αὖτοὺς
1431 621 1612 677 πύθηται
1637 617 1774 673 ὥσπερ

365 689 626 745 στρατοπέδῳ
660 689 711 745 τῇ
758 688 949 744 Φεραίων
983 690 1224 744 χρωμένους
1244 685 1330 728 ,καὶ
1368 683 1575 742 ἀφθονίαν
1608 682 1776 738 ἔχοντας

367 753 509 806 σίτου,
551 749 686 808 ὥσπερ
725 753 1064 796 ἀποδειλιάσαντα
1102 751 1146 795 τὸ
1187 755 1231 803 ἐξ
1269 751 1426 807 ὄχυροῦ
1465 746 1616 797 αὐτοὺς
1641 745 1774 802 ὁρμᾶ-

368 820 473 859 σθαι
500 816 799 872 στρατοπέδου,
838 816 935 873 πρὸς
963 815 1265 873 Χριστούπολιν
1301 821 1453 868 μενεῖν.
1497 809 1695 868 flami-9¹39
1729 811 1830 851 ‘52¹⁰

368 880 424 930 ὥς
464 882 620 934 ἐγένετο
659 882 702 922 ἐν
730 881 1056 937 Χριστουπόλει,
1099 882 1191 924 ἐπεὶ
1215 878 1391 923 ἐπύθετο
1419 876 1571 926 αὐτοὺς
1592 873 1776 932 νοῖφυγμέ-

367 960 461 992 ’νθνς
498 946 555 992 εἷς
593 943 751 999 Φερὰς,
789 940 853 1002 ᾔει
880 947 950 987 καί
987 944 1114 994 αὐτὸς
1140 946 1275 987 αὐτῶν
1299 941 1470 986 κατόπιν
1494 939 1567 983 καὶ
1587 940 1777 995 ’ἐστρατο-

367 1010 563 1051 πέδευσεν
582 1010 625 1049 ἐν
647 1009 839 1067 πολιχνίῳ
858 1009 941 1051 τινὶ
962 1010 1095 1063 Ζίχνα
1123 1009 1522 1066 προσαγορευομένῳ,
1548 1002 1665 1060 ἐγγὺς
1693 1005 1776 1045 Φε-

369 1075 464 1128 ρῶν.
524 1071 562 1114 οἳ
591 1074 635 1114 δὲ
663 1072 828 1127 Ζίχνιοι
854 1076 925 1116 καί
949 1073 1145 1130 πρότερον
1171 1076 1247 1127 μὲν
1282 1070 1555 1130 ἀφεστηκότες
1578 1064 1658 1124 ἤδη
1684 1072 1776 1116 ταῖς

369 1136 551 1192 γνώμαις
583 1135 685 1192 πρὸς
710 1139 883 1191 βασιλέα
909 1137 976 1181 τὸν
1001 1139 1115 1191 νέον,
1138 1135 1318 1188 Ἀλεξίου
1352 1132 1677 1190 Τζαμπλάκωνος
1701 1131 1775 1172 τοῦ
1783 1130 1828 1171 15

368 1198 547 1253 μεγάλου
585 1202 740 1241 παπίου
779 1201 990 1255 ἐνάγοντος
1023 1200 1127 1258 πρὸς
1165 1204 1308 1255 τοῦτο,
1345 1203 1390 1244 ἐκ
1436 1194 1775 1255 Χριστουπόλεως

368 1263 507 1319 κρύφα
534 1263 637 1319 πρὸς
665 1263 792 1307 αὐτόν
819 1268 1122 1319 διαλεγομένου,
1149 1264 1237 1308 τότε
1265 1267 1310 1307 δὲ
1329 1264 1402 1306 οὖκ
1423 1266 1466 1306 ἐν
1489 1261 1659 1314 s‘zm'w,
1687 1257 1775 1301 ἄλλ’

307 1340 310 1345 ’
368 1329 411 1368 ἐν
449 1330 600 1386 βεβαίῳ
629 1324 707 1383 ἤδη
745 1327 818 1383 τὴν
859 1331 1058 1383 βοήθειαν
1094 1327 1288 1385 δρῶντες,
1327 1325 1557 1383 ἀπέστησαν
1590 1325 1776 1380 ἀναφαν-

242 1398 277 1432 Ρ.
292 1395 360 1434 162
371 1391 442 1433 δὸν
459 1426 472 1444 ,
507 1394 578 1434 καί
611 1396 777 1446 βασιλεῖ
795 1394 1113 1449 προσεχώρησαν
1139 1396 1196 1451 τῷ
1222 1397 1298 1451 νέῳ
1325 1392 1396 1435 καὶ
1417 1391 1461 1436 τὸ
1486 1390 1667 1444 πόλισμα
1692 1389 1778 1430 ἐνε-

366 1454 567 1511 χείρισαν.
604 1455 957 1511 στρατοπεδεύσας
997 1459 1042 1499 δὲ
1079 1455 1100 1499 ὅ
1139 1457 1332 1511 βασιλεύς
1367 1459 1411 1507 ἐν
1449 1457 1582 1510 Ζίχνα
1619 1452 1831 1509 ἢμέραςῖῡ

372 1518 469 1573 δύο,
499 1520 554 1567 ὥς
590 1516 641 1560 ἂν
667 1519 711 1560 ἔκ
748 1536 792 1561 τε
817 1523 897 1562 ταῖν
921 1524 994 1576 τῆς
1021 1519 1254 1578 ὁδοιπορίας
1279 1521 1415 1564 πόνων
1441 1520 1513 1562 καί
1535 1521 1619 1561 τῶν
1644 1517 1775 1559 &enfin

369 1585 442 1625 καί
475 1585 556 1624 τῶν
595 1585 810 1637 χειμώνων
834 1584 861 1638 ἧ
889 1584 1065 1640 στρατιὰ
1094 1583 1367 1641 ἇνακτήσηται
1391 1583 1564 1639 ἑαυτήν·
1601 1577 1672 1639 (ἦν
1696 1580 1775 1635 γὰρ

180 1655 359 1692 A.C.1328
371 1646 421 1704 δὴ
459 1646 558 1689 κατὰ
598 1649 709 1701 μῆνα
741 1647 991 1704 Ἰανουάριον
1023 1649 1053 1706 ἤ
1077 1651 1152 1692 τοῦ
1178 1651 1377 1704 χειμῶνος
1403 1646 1547 1706 u‘v'pw)
1588 1649 1639 1707 τῇ
1661 1644 1776 1702 τρίτῃ

463 1746 512 1778 ¹7·
536 1735 627 1779 Lege
657 1746 700 1769 ex
723 1734 832 1783 Intpr.
859 1733 1003 1777 αὐτοὺς.

370 1812 512 1851 rissem,
537 1818 769 1850 conserturus.
818 1814 859 1845 Id
884 1826 963 1844 cum
985 1814 1102 1846 sciatis
1124 1811 1241 1852 modo,
1268 1811 1314 1844 ad
1332 1823 1486 1858 pugnam
1506 1823 1568 1846 vos
1594 1811 1770 1856 expedite.

369 1859 439 1890 Ista
463 1858 501 1889 in
537 1857 665 1889 litteris
689 1861 886 1900 imperator.
944 1857 1003 1889 Illi
1038 1869 1074 1891 se
1107 1858 1318 1890 infirmiores
1344 1859 1566 1899 iudicantes,
1598 1867 1701 1903 quam
1726 1861 1768 1889 ut

368 1903 444 1935 acie
474 1903 714 1940 decertarent,
747 1903 1027 1948 audientesque,
1062 1904 1312 1947 imperatorem
1350 1903 1538 1937 Xanthiam
1574 1904 1772 1941 accessisse,

370 1948 569 1980 consultum
593 1948 667 1980 fore
692 1946 942 1988 decreverunt,
965 1949 1070 1982 motis
1102 1950 1235 1989 castris,
1260 1949 1330 1983 alio
1356 1960 1393 1983 se
1417 1950 1616 1982 transfer-ro.
1661 1949 1772 1994 Igitur

370 1993 501 2028 Pheras
524 1998 675 2036 petunt,
713 1999 749 2026 et
778 1993 875 2039 quod
912 1993 998 2026 urbs
1029 2005 1070 2027 ea
1101 1994 1306 2027 firmissimis
1340 2000 1437 2039 septa
1471 1994 1657 2028 moenibus
1681 1999 1773 2028 esset

369 2044 540 2083 tantoque
565 2039 733 2071 exercitui
759 2044 990 2072 commeatum
1024 2040 1251 2084 suppeditare
1286 2041 1430 2085 largiter
1452 2044 1589 2084 posset,
1626 2037 1665 2074 ¹et
1687 2040 1772 2086 quia

370 2084 568 2128 sperabant,
593 2084 849 2127 imperatorem,
864 2085 926 2118 ubi
950 2085 1196 2126 intellexisset,
1216 2097 1275 2119 eos
1301 2086 1423 2119 urbem
1447 2086 1544 2119 illam
1566 2095 1631 2130 pro
1650 2085 1772 2120 eastris

371 2128 514 2168 habere,
549 2140 758 2174 annonaque
786 2135 822 2162 et
854 2130 990 2175 reliquo
1023 2137 1218 2165 commeatu
1243 2131 1400 2173 affluere,
1425 2137 1652 2172 metuentem,
1681 2142 1726 2164 ne
1751 2143 1773 2164 a

371 2175 495 2206 castris
529 2173 615 2206 adeo
649 2175 795 2207 munitis
829 2183 1070 2220 erumperent,
1108 2177 1567 2222 (1111·ἰ3ῐοΡο1ῑ111311ω1-11111.
1627 2177 1700 2221 Qui
1731 2183 1774 2210 ut

372 2219 614 2262 Christopolin
635 2220 734 2252 venit
760 2226 796 2253 et
819 2230 877 2252 eos
898 2221 1014 2254 Pheris
1039 2233 1075 2255 se
1094 2222 1285 2256 credidisse
1311 2224 1458 2267 accepit,
1483 2223 1648 2268 persequi
1666 2223 1773 2256 insti-

371 2265 444 2297 tuit
468 2270 504 2297 et
532 2263 576 2296 ad
600 2264 771 2308 oppidum
795 2266 921 2299 Zichna
947 2268 1178 2311 appellatum,
1199 2279 1310 2313 prope
1333 2269 1477 2309 Pheras,
1498 2269 1689 2301 exercitum
1705 2268 1771 2300 ad-

373 2309 483 2342 duxit.
532 2308 667 2342 Zichnii
691 2310 760 2342 iam
795 2316 896 2351 ante,
927 2312 1116 2357 impulsore
1138 2314 1263 2347 Alexio
1289 2314 1513 2359 Zamplacone
1536 2324 1660 2368 magno
1683 2324 1772 2358 pap-

372 2356 444 2399 pia,
469 2355 531 2399 qui
558 2365 576 2386 e
601 2355 817 2399 Christopoli
844 2358 980 2390 occulte
1005 2370 1084 2392 cum
1108 2361 1194 2404 ipsis
1220 2364 1348 2404 egerat,
1375 2359 1500 2392 animis
1525 2359 1569 2392 ad
1594 2360 1772 2392 mniorem

371 2401 616 2445 imperatorem
641 2399 850 2434 defecerant.
875 2403 919 2435 Et
932 2404 1015 2447 quia
1035 2409 1111 2437 tum
1133 2417 1204 2438 non
1227 2415 1299 2448 spe,
1316 2404 1377 2437 sed
1397 2405 1510 2438 oculis
1533 2405 1619 2449 ipsis
1637 2409 1771 2437 certum

370 2446 540 2479 videbant
565 2446 745 2486 auxilium,
755 2448 934 2490 propalam
949 2449 993 2481 ad
1018 2460 1111 2489 eum,
1134 2450 1255 2483 dedita
1279 2451 1378 2490 urbe,
1390 2452 1612 2484 transierunt.
1638 2450 1768 2483 Trans-

372 2497 450 2524 acto
475 2491 526 2523 ibi
547 2490 657 2523 hiduo
682 2491 725 2523 ad
749 2493 976 2527 reficiendum
1008 2495 1305 2540 recreandumque
1339 2508 1383 2530 ex
1413 2496 1551 2529 itineris
1581 2495 1701 2528 labore
1724 2507 1769 2529 ex

370 2537 569 2581 pluviarum
607 2542 643 2569 et
673 2537 810 2581 frigoris
846 2539 978 2572 iniuria
996 2541 1160 2582 militem,
1192 2542 1325 2587 quippe
1359 2552 1478 2574 mense
1502 2542 1675 2581 Ianuario,
1709 2541 1768 2574 die

371 2583 477 2615 tertio
504 2582 594 2614 bene
619 2592 721 2615 mane
745 2584 881 2626 signum
907 2584 952 2616 ad
976 2597 1070 2619 arma
1092 2587 1261 2631 capienda
1285 2586 1359 2619 dari
1383 2588 1497 2621 iussit.
1528 2587 1618 2620 Tum
1635 2588 1769 2620 instru-

372 2628 436 2660 ctis
460 2628 554 2661 velut
575 2626 619 2660 ad
631 2638 780 2670 pugnam
796 2629 992 2670 ordinibus,
1017 2633 1207 2675 composite
1222 2636 1258 2665 et
1283 2643 1362 2666 cum
1380 2633 1524 2667 silentio
1548 2632 1765 2672 incedentes,

372 2684 443 2708 non
466 2673 586 2719 procul
608 2672 750 2715 Pheris,
774 2674 917 2709 fluviolo
943 2676 1128 2713 Libobisto
1154 2679 1376 2720 transmisso,
1399 2680 1438 2713 in
1460 2678 1656 2726 procinctu,
1675 2683 1767 2712 tam-
