1832 3132
299 112 411 167 308
870 118 1139 162 PEmoan

293 229 449 266 Romani
482 226 620 262 cladem
651 223 837 269 accipiunt
851 221 914 267 (8).
958 224 1071 257 Amor
1094 222 1325 268 imperatoris
1358 221 1399 255 in
1427 221 1722 257 Cantaeuzemm

293 276 520 310 declaratus:
547 280 581 305 et
628 282 673 305 uo
696 278 805 315 pacto
832 280 898 313 per
920 280 956 302 se
981 279 1117 314 perque
1143 268 1239 301 alios
1261 267 1462 307 laborarit,
1490 275 1531 301 ut
1554 278 1633 302 eum
1650 267 1721 301 ius-

289 322 389 368 perii
410 320 583 363 collegam
635 317 766 348 aberet.
793 315 882 347 -Ille
909 323 1030 348 tamen
1060 314 1247 358 singulari
1271 313 1448 347 modestia
1473 314 1632 347 oblatam
1662 310 1721 346 di-

291 368 467 412 gnitatem
500 373 638 406 semper
668 359 838 406 repudiat
852 359 913 405 (9).
964 358 1169 392 Zacharias
1198 359 1397 394 Genuensis
1421 358 1547 393 Chium
1586 358 1631 392 ab
1655 358 1723 392 im'-

289 409 636 456 peratore-seniore
670 418 899 445 concessam,
939 406 1010 439 sibi
1045 404 1270 450 posterisque
1302 406 1378 438 suis
1405 406 1592 450 propriam
1603 403 1719 450 facit.

295 455 503 489 Calothetus
527 452 683 497 dynasta
707 453 818 485 matri
842 452 966 496 magni
992 450 1179 484 domestici
1211 451 1287 483 eius
1312 450 1584 495 recuperandae
1618 450 1720 484 viam

289 500 420 547 pandit
445 508 479 533 et
510 501 550 533 in
575 510 652 532 eam
677 509 750 532 rem
786 498 965 530 auxilium
991 508 1092 530 suum
1113 495 1320 541 pollicetur.
1372 497 1574 530 Consilium
1599 494 1722 530 dome-

291 548 395 586 stici,
432 543 609 591 quomodo
640 542 818 589 agendum
852 554 930 577 cum
960 543 1148 582 ,Martium
1183 542 1247 587 qui
1277 549 1362 574 tunc
1395 541 1552 576 insulam
1576 542 1717 576 obtine-

292 591 452 636 bat(1o).
510 587 655 634 ¹Quanto
694 591 846 622 navium
883 599 1032 622 numero
1058 596 1094 622 et
1125 586 1292 631 qualibus
1317 586 1470 632 epibatis
1504 585 1625 623 eodem
1650 596 1720 620 na*—

291 639 468 682 vigatum.
518 634 795 669 Nauarchorum
820 633 860 667 'in
883 643 1082 679 apparatus
1103 643 1232 679 pompa
1266 631 1476 667 aemulatio.
1498 635 1505 666 “.
1530 630 1719 674 Conditio-

292 695 376 721 nes,
401 682 531 728 quibus
558 682 756 726 imperator
777 681 942 714 Martino
968 681 1111 713 insulae
1134 677 1401 724 praefecturam
1427 679 1636 724 relinquere
1649 686 1718 711 v'o-

291 729 374 761 luit.
432 726 649 761 Benedictus
671 727 858 760 castellum
882 725 1012 762 tradit.
1069 725 1254 758 Martinus
1276 735 1418 770 quoque
1443 735 1478 759 se
1502 722 1636 759 dedens
1657 723 1718 757 be-

293 773 426 818 neficio
462 771 648 807 domestici
675 781 820 806 mortem
854 770 1005 804 evadit:
1044 772 1125 815 ipse'
1155 771 1194 803 in
1219 780 1400 803 carcerem
1427 769 1721 810 ducitur-,vxor

293 827 327 852 et
339 818 494 864 familia
519 819 631 851 solum
655 826 820 858 vertunt,
845 817 976 850 milites
1002 818 1094 855 eius,
1123 814 1210 848 data
1236 814 1373 854 venia,
1398 826 1443 848 ex
1467 814 1608 849 duabus
1631 826 1720 849 con-

294 863 498 897 ditionibus
536 864 769 908 posteriorem
808 863 958 907 eligunt.
1012 862 1217 906 Imperator
1250 862 1360 906 etiam
1400 860 1718 899 benevolentibus,

295 922 369 943 non
398 910 629 943 benemeritis
654 912 814 949 tantum,'
845 910 1003 952 gratiam
1026 906 1255 954 referendam
1283 914 1387 951 putat
1411 915 1445 939 et
1467 907 1601 953 populo
1630 905 1719 940 Chio

294 967 385 987 onus
403 955 636 988 tributarium
653 953 929 999 imminuit(11).
977 953 1167 988 Benedicti
1190 953 1346 997 insignis
1358 953 1572 997 pertinacia
1596 960 1631 986 et
1654 961 1719 985 ar-

293 997 468 1044 rogantia
502 1000 776 1039 intolerabilis,
817 1011 938 1032 omnes
961 1000 1212 1038 conditiones,
1250 998 1416 1044 quamvis
1451 997 1722 1033 honestissimas

293 1046 537 1090 aspernantis,
564 1046 636 1078 nisi
655 1046 779 1078 insula
801 1045 871 1077 sibi
895 1046 934 1077 in
956 1046 1136 1090 peculium
1160 1043 1363 1088 cleturoz).
1411 1045 1614 1090 Imperatoiss
1624 1041 1725 1090 apud

292 1091 494 1124 Phocaeam
520 1099 676 1124 veterem
708 1102 730 1123 a
754 1091 874 1124 Persis
897 1092 1056 1135 satrapis
1079 1091 1235 1124 colitur:
1260 1090 1434 1124 Phocaea
1463 1101 1563 1124 nova
1578 1091 1614 1126 οἱ
1638 1097 1729 1126 tra-¹

297 1135 409 1169 ditur.
457 1135 674 1170 Benedictus
706 1135 824 1169 denuo
854 1136 978 1169 Chium
1002 1132 1196 1182 subiugat-e
1228 1135 1373 1178 infelici
1401 1146 1565 1169 successu
1590 1136 1722 1180 affin-

297 1180 495 1226 ditur(13).
543 1182 716 1223 Sequitur
734 1183 835 1217 locus
855 1184 1067 1226 perelegans
1091 1191 1125 1215 et
1156 1181 1360 1226 patheticus
1389 1180 1432 1214 de
1457 1181 1578 1216 morbo
1603 1188 1638 1214 et
1663 1181 1723 1214 in-

295 1235 417 1274 stante
442 1227 672 1271 imperatoris
694 1228 794 1260 obitu
823 1227 922 1272 apud
942 1223 1257 1269 Didymotichum,
1287 1226 1349 1258 ubi
1371 1238 1524 1272 magnus
1551 1225 1722 1261 domesti-

297 1283 360 1304 cus
381 1273 452 1305 sibi
473 1274 547 1305 iam
571 1274 680 1305 tertio
706 1272 866 1306 delatum
893 1275 1080 1318 imperium
1106 1274 1255 1306 abnuit.-
1276 1273 1336 1305 cui
1360 1274 1472 1317 ipsum
1493 1281 1530 1308 et
1555 1283 1632 1306 una
1656 1273 1723 1305 im·-

293 1320 462 1362 peratrix
487 1329 509 1349 a
533 1318 749 1351 moribundo
774 1320 991 1363 imperatore
1025 1318 1330 1353 commendantur.
1388 1319 1557 1352 Omnibus
1579 1315 1723 1351 ordini·-

296 1363 361 1396 bus
387 1363 576 1396 valedicit.
625 1363 761 1408 Ingens
786 1366 951 1397 exoritur
967 1365 1218 1410 comploratio.
1249 1363 1433 1397 Palatium
1457 1363 1509 1398 ad
1529 1371 1721 1398 extremam

295 1410 473 1442 morituro
507 1410 660 1443 salutem
697 1409 887 1444 dicendam
919 1419 1021 1456 patet
1047 1411 1206 1444 cuilibet.
1263 1411 1356 1442 Ante
1390 1419 1535 1445 mortem
1559 1408 1722 1443 habitum

297 1456 535 1487 monasticum
557 1455 718 1498 postulat
743 1455 830 1500 (14).
859 1457 910 1488 De
937 1457 1044 1489 Xena
1063 1465 1178 1489 matre
1201 1457 1368 1502 quamvis
1390 1457 1498 1489 semel
1521 1457 1720 1501 iterumque
1740 1466 1743 1469 ·

298 1498 526 1539 admonitus,
563 1500 657 1533 nihil
684 1501 882 1534 constituit.
942 1503 1102 1547 Magnus
1125 1501 1340 1535 domesticus
1358 1513 1429 1545 ,pro
1463 1501 1722 1535 consuetudine

297 1545 339 1577 in
360 1553 474 1578 morte
512 1547 766 1590 imperatorum
799 1548 1220 1581 solenne'iuramentum
1256 1546 1381 1591 exigit.
1443 1547 1721 1581 Constantinum

299 1588 506 1634 despotam,
533 1592 702 1636 quamvis
721 1593 868 1625 multum
889 1601 1039 1636 rogatus
1055 1617 1064 1633 ‚
1093 1604 1158 1625 nec
1194 1593 1299 1631 vita,
1337 1603 1402 1625 nec
1426 1592 1720 1641 oculiffiprivare

297 1637 492 1675 sustinens,
517 1637 656 1670 occulte
680 1638 833 1670 liberum
857 1638 1022 1674 dimittit.
1072 1638 1476 1681 Constantinopolitani
1497 1637 1720 1683 iar-amos).

296 1679 530 1714 Andronicus
552 1682 676 1715 senior
710 1684 852 1722 timens,
885 1695 929 1716 ne
957 1684 1118 1717 extincto
1154 1691 1281 1728 nepote
1306 1685 1380 1728 ipse
1403 1683 1586 1720 habeatur
1605 1684 1721 1728 pessi-

296 1737 365 1764 me,
391 1728 489 1759 ultro
517 1726 568 1760 ad
588 1727 780 1761 monachos
803 1741 838 1762 se
867 1738 1051 1772 aggregat.
1099 1729 1231 1762 Iunior
1263 1739 1286 1760 a
1309 1730 1512 1766 monastico
1543 1729 1721 1765 schemate

295 1782 362 1817 per
384 1783 552 1817 magnum
584 1771 813 1806 domesticum
845 1770 1062 1819 impeditur:
1100 1775 1166 1819 qui
1199 1784 1277 1806 cum
1313 1771 1463 1806 medicis
1492 1775 1719 1819 expostulat,

299 1817 552 1860 imperatorem
576 1826 697 1851 terret.
745 1819 964 1852 Mandatum
989 1820 1151 1853 ultimum
1175 1819 1404 1864 imperatoris
1419 1818 1462 1853 de
1479 1821 1640 1854 exanimi
1655 1830 1720 1852 suo

298 1873 449 1906 corpore
463 1863 545 1907 (16).
598 1865 646 1896 Ob
673 1865 817 1908 imperii
839 1865 981 1909 pondus
1004 1873 1038 1898 et
1060 1866 1303 1898 molestiarum
1326 1864 1452 1898 molem
1470 1863 1722 1909 magnum-do-

299 1909 483 1940 mesticum
517 1909 722 1941 miseratur.
780 1911 912 1943 Mortis
944 1910 1100 1944 indicia.
1154 1913 1260 1956 Aqua
1294 1908 1337 1944 de
1362 1909 1472 1955 sonte
1495 1911 1629 1946 Matris
1650 1911 1722 1944 Dei

299 1963 377 1984 cum
397 1955 552 1986 omnium
577 1953 788 1988 incredibili
809 1955 944 1999 gaudio
958 1956 1207 2001 sanatur(17).
1254 1956 1469 1990 Narrantur
1481 1957 1517 1990 ei
1538 1968 1632 2002 quae
1655 1957 1720 1989 in·-

300 1997 403 2030 terim
424 2008 523 2042 gesta
543 1999 638 2032 sint:
659 2000 792 2043 probat
817 2003 938 2034 omnia
957 2011 1104 2046 praeter
1127 2003 1331 2035 missionem
1351 2002 1569 2047 Syrgiannis
1590 2003 1630 2036 in
1653 2012 1719 2035 oc-

301 2042 498 2077 cidentem:
523 2056 631 2088 quam
652 2053 773 2078 tamen
792 2055 916 2091 postea
938 2060 1012 2080 non
1035 2049 1221 2092 improbat.
1247 2047 1464 2092 Syrgiannis
1484 2059 1507 2080 a
1525 2046 1719 2083 domestico

300 2089 485 2122 alienatus
510 2091 660 2123 animus.
705 2091 938 2132 Recensetur,
967 2092 1058 2138 quid
1071 2094 1239 2139 despotae
1254 2093 1494 2126 Constantino
1518 2091 1719 2135 acciderit,-

299 2145 317 2167 e
351 2145 499 2169 carc-ere
533 2137 712 2168 eximitur.
767 2139 884 2182 Nepos
912 2138 1143 2173 Andronicus
1177 2150 1285 2172 avum
1315 2137 1476 2173 induisse
1506 2138 1718 2175 monachum

298 2179 492 2213 tristatur.-
525 2182 588 2214 cui
624 2181 835 2216 domesticus
859 2185 1028 2217 solatium
1062 2183 1317 2230 suggerit(18).
1365 2185 1553 2225 Paenitet,
1580 2196 1654 2218 non
1685 2185 1720 2219 ei

299 2222 501 2259 reddidisse
529 2227 738 2271 imperium,
767 2229 1060 2274 quemadmodum
1091 2232 1297 2273 cogitarat:
1327 2241 1399 2274 qua
1419 2229 1461 2263 de
1488 2242 1527 2264 re
1554 2241 1632 2263 cum
1652 2229 1721 2264 do-

301 2271 445 2303 mestico
473 2273 785 2318 consultans(19),
814 2276 857 2307 ab
893 2288 932 2309 eo
970 2276 1205 2320 poenitudine
1242 2273 1461 2315 deducitur,
1494 2278 1718 2319 argumentis

297 2317 433 2360 partim
472 2329 565 2362 quae
605 2330 748 2352 movere
784 2324 991 2363 potuer.·'nt,
1027 2323 1161 2367 partim
1198 2332 1292 2366 quae
1317 2322 1496 2354 moverint
1521 2319 1715 2354 dissolutis.

300 2361 486 2405 Deiparae
508 2361 551 2397 de
571 2373 714 2408 recepta
733 2367 891 2400 sanitate
922 2370 1064 2411 gratias
1094 2369 1170 2411 agit
1182 2365 1265 2412 (ρο).
1316 2367 1448 2400 Persae
1479 2367 1716 2411 populatores

301 2407 516 2441 vincuntur.
572 2409 701 2443 Acltris
731 2422 753 2441 a
783 2412 959 2446 Triballis
994 2411 1236 2446 obsidentibus
1267 2413 1450 2446 asseritur.
1498 2413 1643 2446 Moesus
1672 2420 1708 2445 et

301 2452 500 2503 imperator
521 2455 558 2486 in
576 2455 820 2488 Triballorum
834 2458 927 2501 fines
948 2460 1165 2504 irrumpunt,
1185 2459 1327 2491 Moesus
1346 2469 1390 2490 ex
1408 2458 1560 2492 vulnere
1575 2459 1713 2491 interit.

301 2497 464 2541 Regma,
490 2499 684 2533 Michaelis
705 2503 862 2541 coniux,
896 2505 1125 2548 imperatoris
1155 2515 1270 2542 soror,
1302 2514 1379 2535 cum
1404 2503 1530 2536 liberis
1550 2504 1712 2549 pellitur.

300 2543 442 2576 Moesia
470 2545 515 2576 ab
546 2546 762 2590 imperatore
798 2558 991 2583 vastatur:
1024 2549 1200 2595 quaedam
1218 2547 1351 2594 oppida
1379 2548 1597 2583 deditionem
1633 2551 1713 2582 aci·-

300 2597 376 2620 unt.
423 2589 467 2621 In
497 2590 613 2623 locum
628 2592 750 2626 Isaiae
764 2595 1001 2638 patriarchae
1029 2597 1189 2629 Ioannes
1225 2594 1412 2639 presbyter
1444 2596 1568 2639 magni
1620 2606 1716 2628 ome-

298 2634 385 2666 stici
399 2645 508 2668 suasu
523 2635 566 2668 ab
583 2639 758 2682 episcopis
781 2649 997 2683 surrogatur
1008 2641 1092 2689 (21).
1140 2641 1273 2674 Persae
1292 2648 1498 2674 vastatore-5
1514 2640 1607 2673 male
1624 2640 1715 2673 ”¹1⁴²-

299 2685 435 2725 tantur.
470 2680 686 2727 Syrgiannis
704 2685 956 2730 sociorumque
985 2689 1024 2720 in
1049 2686 1278 2721 domesticum
1299 2693 1333 2720 et
1358 2687 1607 2731 imperatorem
1626 2696 1714 2720 con-

1367 2753 1377 2768 ἱ
