1728 3158
473 124 508 163 1.
546 119 787 165 PONTANI
826 122 1143 164 PRAEFATIO.
1481 122 1535 163 XI

85 237 321 281 excellentes
351 243 489 277 tamen
536 240 658 288 atque
694 233 891 289 perfectos
925 234 1145 275 admodum
1180 246 1293 275 raros
1331 232 1542 273 nominare

85 303 311 361 possumus)
339 301 468 344 nihilo
493 302 626 341 minus
649 301 694 340 in
723 301 802 340 ista
822 307 1134 355 quantacunque
1156 299 1447 355 interpretandi
1470 300 1541 339 de-

55 371 318 427 “fatigatione
367 382 415 410 ac
462 366 646 409 molestia
659 397 672 419 ,
710 367 908 407 suavitate
939 366 1116 420 quadam
1145 367 1403 421 perfunditur
1418 396 1430 419 ‚
1474 381 1542 406 ex-

20 435 23 441 ’
57 462 59 464 -
85 437 302 495 pleturque
326 437 484 477 animus
497 463 511 487 ‚
548 448 643 474 cum
674 433 751 474 sibi
782 434 827 473 in
862 433 953 472 sinu
983 433 1284 487 quodammodo
1314 434 1424 474 nasci
1451 433 1543 473 the-

18 518 24 525 *
54 525 67 550 ς·
85 519 262 547 caurum
280 502 419 554 videt,
448 500 559 541 unde
581 500 783 540 bonarum
803 498 1031 539 litterarum
1055 498 1179 538 ditior
1208 499 1376 541 evadat:
1417 513 1552 554 quae-

23 600 25 602 ι
87 586 179 628 que
189 571 386 612 hactenus
405 575 468 609 tot
486 567 726 619 hominum,
755 567 877 606 etiam
910 565 1191 617 cruditorum,
1228 565 1355 605 millia
1381 567 1543 620 ignora-

87 639 210 689 runt,
257 634 469 690 multoque
505 634 657 675 diutius
671 663 684 687 ,
727 647 773 673 ac
813 639 1011 687 perpetuo
1049 631 1218 673 forsitan
1271 632 1543 686 ignorassent,

16 603 54 946 ξ
88 718 137 746 ca
152 705 341 759 princeps
369 702 575 757 cognoscit
588 730 602 754 ‚
651 707 692 741 et
718 699 1035 750 sollicitudines,
1065 713 1231 754 operam
1267 706 1390 753 atque
1430 713 1545 740 cona-

22 772 50 834 ζζ
87 778 154 813 tus
196 783 292 812 suos
332 782 404 824 spe
440 775 481 809 et
505 766 654 808 fiducia
695 773 834 821 gratae
864 766 1111 821 posteritatis
1141 763 1388 806 consolatur.

20 835 45 881 f·
201 837 392 878 Ceterum
418 848 515 876 cum
540 835 585 876 in
613 832 693 874 hoc
722 847 885 889 quoque
910 840 995 873 tam
1023 833 1244 887 praestanti
1264 845 1434 872 munere
1461 832 1544 872 ela-

36 902 291 958 hortandi,
304 909 360 943 ct
382 900 551 957 aliquod
579 914 728 954 operae
749 901 927 954 pretium
952 898 1124 940 faciendi
1142 897 1332 939 voluntas
1352 912 1436 938 non
1460 913 1547 939 me-

89 970 270 1012 dium-in·
257 983 341 1012 lam
363 967 525 1025 pridem
552 966 654 1008 mihi
684 965 795 1006 haud
825 965 999 1006 desuerit
1013 995 1026 1019 ,
1063 964 1328 1005 nihilominus
1355 966 1440 1005 eius
1469 965 1548 1005 dif-

90 1035 289 1079 ficultates
314 1035 560 1091 cogitatione
589 1031 956 1088 complectentem,
995 1046 1080 1075 non
1100 1031 1266 1087 quidem
1294 1032 1428 1087 pudor
1450 1033 1548 1073 sub-

80 1104 292 1155 rusticus,
335 1101 408 1146 sed
431 1107 563 1142 metus
596 1099 762 1157 quidam
775 1129 789 1151 ‚
837 1107 884 1140 ut
914 1099 1092 1139 arbitror
1106 1128 1118 1151 ,
1159 1100 1358 1154 ingenuus
1391 1113 1551 1153 semper

27 1169 45 1222 'g
91 1169 328 1214 abuerunt.
381 1167 440 1210 Et
467 1167 602 1208 nescio
632 1166 838 1223 quomodo
859 1166 1000 1210 haeret
1025 1167 1070 1207 in
1097 1165 1286 1207 medullis
1300 1196 1313 1219 ,
1348 1181 1424 1207 nec
1443 1166 1550 1207 obli-

0 1267 1 1270 ,
28 1227 46 1269 ἶ·
92 1237 194 1278 visci
227 1249 334 1292 queo
347 1264 361 1289 ‚
407 1233 520 1290 quod
551 1233 662 1289 apud
694 1234 933 1289 scriptorem
966 1234 1262 1288 persapientem
1293 1232 1429 1289 legere
1464 1248 1552 1274 me-

92 1304 220 1344 mini:
274 1309 481 1358 praestare
505 1302 650 1342 timere
663 1330 675 1353 ‚
724 1315 848 1355 quam
885 1299 1036 1340 audere
1070 1301 1114 1340 in
1141 1299 1302 1340 litteris.
1370 1300 1554 1341 Accessit

29 1406 32 1410 .
79 1369 148 1414 aad
170 1383 242 1410 me
259 1367 578 1421 retardandum,
606 1368 717 1424 quod
737 1369 808 1423 qui
836 1369 1064 1423 primorum
1094 1368 1239 1422 primi,
1276 1367 1552 1422 signiferique,
1605 1385 1607 1387 ·

93 1443 216 1492 atque
253 1436 356 1477 adeo
373 1465 386 1490 ,
429 1436 500 1490 qui
530 1437 800 1490 interpretum
837 1434 1033 1474 familiam
1074 1433 1222 1474 ducere
1258 1435 1553 1486 existimantur,

93 1503 162 1546 vel
188 1505 233 1544 in
263 1517 348 1544 uno
382 1502 489 1544 libro
524 1501 798 1543 convertendo
833 1501 1077 1542 creberrime
1119 1499 1383 1552 hallucinati,
1433 1507 1556 1555 atque

8 1621 10 1623 Ι
93 1585 120 1614 a
137 1570 256 1612 lineis
269 1599 282 1624 ‚
315 1569 427 1625 quod
441 1568 589 1610 dicitur
603 1598 616 1622 ,
644 1568 860 1621 excidisse,
889 1567 1190 1622 diligentiorum
1207 1567 1558 1611 animadversione

95 1637 338 1692 deprehensi
365 1643 475 1678 sunt.
547 1636 761 1689 Quaenam
794 1649 890 1690 ergo
932 1634 1034 1676 mihi
1066 1634 1287 1675 semidocto
1324 1633 1431 1674 fama
1461 1648 1556 1687 spe-

32 1695 35 1697 *
94 1704 226 1749 randa
247 1704 353 1744 fuit?
414 1703 574 1745 Verum
605 1703 812 1742 enimvero
825 1731 838 1755 ‚
886 1708 1143 1743 cunctantem
1193 1715 1239 1741 ac
1285 1700 1557 1754 trepidantem

96 1771 340 1826 sapientium
368 1771 554 1812 virorum
582 1770 800 1811 auctoritas
832 1770 1053 1809 commovit
1068 1797 1082 1821 ,
1128 1768 1297 1822 ipsaque
1323 1768 1428 1806 ratio
1458 1764 1557 1806 con—'-

96 1837 276 1878 firmavit
291 1866 305 1890 ,
350 1843 398 1877 ut
433 1835 651 1891 aliquando
682 1836 726 1875 in
766 1834 924 1875 isthanc
958 1834 1202 1889 palaestram
1242 1833 1527 1875 descenderem
1542 1847 1555 1872 :

97 1903 325 1959 siquidem,
370 1904 483 1943 iuxta
515 1901 726 1956 vulgatum
741 1931 754 1954 ,
808 1915 929 1941 nemo
973 1903 1153 1942 nascitur
1187 1901 1355 1941 artifex:
1418 1907 1459 1940 et
1491 1913 1558 1939 ars

96 1969 213 2011 nulla
239 1976 339 2023 est,
390 1970 436 2009 in
469 1982 552 2023 qua
586 1982 670 2008 non
707 1967 912 2022 peccando
947 1967 1151 2008 discatur:
1207 1967 1398 2022 quodque
1438 1967 1558 2006 nobis

96 2039 235 2093 pueris
254 2082 258 2084 ,
276 2035 483 2092 quondam
523 2042 804 2091 praeceptores
832 2035 876 2074 in
906 2034 1004 2074 ludo
1036 2034 1298 2088 ingerebant,
1348 2034 1419 2087 qui
1450 2047 1557 2072 nun-

98 2110 224 2160 quam
246 2102 354 2146 male
369 2132 384 2156 ,
420 2116 631 2157 nunquam
657 2102 773 2146 bene.
838 2101 1012 2141 Factum
1043 2103 1169 2155 igitur
1184 2130 1196 2152 ,
1232 2107 1279 2140 ut
1309 2115 1403 2140 cum
1438 2099 1557 2139 Sere-

98 2173 288 2213 nissimus
318 2170 514 2212 Boiorum
532 2170 720 2225 princeps
740 2167 1039 2209 Maximilianus
1058 2168 1267 2207 Societatis
1298 2174 1461 2207 nostrae
1482 2166 1557 2207 do-

99 2239 275 2284 mesticis
301 2243 542 2292 potestatem
563 2235 785 2276 liberaliter
835 2242 957 2289 atque
991 2234 1102 2278 ultro
1122 2235 1380 2274 concessisset
1395 2263 1407 2285 ,
1437 2247 1461 2273 e
1481 2247 1557 2276 vo-

99 2305 322 2349 luminibus
359 2305 524 2344 Graecis
565 2302 720 2344 calamo
755 2304 925 2344 exaratis
949 2302 1148 2357 (quorum
1178 2301 1302 2341 habet
1326 2301 1370 2340 in
1409 2299 1558 2340 biblio-

74 2390 77 2393 *
99 2372 221 2413 theca
247 2386 322 2412 sua
338 2371 588 2416 nobilissima
601 2370 860 2410 lectissimam
888 2370 1072 2424 copiam)
1095 2367 1359 2424 depromendi
1378 2396 1389 2418 ,
1438 2372 1478 2405 et
1506 2365 1558 2407 ad

102 2452 359 2479 communem
406 2451 527 2478 usum
584 2436 982 2490 emolumentumque
996 2466 1009 2488 ,
1061 2437 1175 2476 cuius
1204 2436 1367 2477 incenso
1398 2439 1559 2472 tenetur

102 2505 302 2546 desiderio
320 2535 333 2558 ,
377 2504 670 2559 interpretandi
707 2518 811 2558 quae
839 2503 1053 2557 placuisset
1068 2533 1080 2554 ,
1134 2508 1209 2557 ego
1237 2502 1280 2541 in
1317 2500 1426 2539 hunc
1475 2512 1558 2540 non

103 2571 412 2612 Christodulum
432 2572 573 2626 utique
588 2601 601 2623 ,
642 2571 712 2611 sed
741 2572 784 2610 in
815 2571 1060 2625 ipsissimum
1094 2570 1288 2610 Ioannem
1311 2568 1557 2607 Cantacuze-

103 2653 205 2678 num
236 2638 473 2679 inciderim:
523 2653 605 2693 quo
636 2638 688 2677 ad
726 2645 886 2692 gustum
923 2638 1242 2691 sententiamque
1281 2648 1412 2674 meam
1457 2632 1558 2672 nihil

107 2705 445 2749 accommodatius
462 2735 475 2759 ‚
514 2705 616 2746 nihil
646 2705 697 2747 ad
726 2706 858 2764 prima
883 2703 1049 2747 militiae
1079 2704 1198 2746 huius
1227 2701 1418 2745 tentanda
1452 2702 1557 2759 peri*
