1820 3164
309 95 425 165 ,482
540 136 543 142 s
841 105 1211 150 cmAcanm

121 218 416 271 Δ,Ο.ι334ει’σιν
441 211 661 268 ἐγχώριοι,
703 207 846 253 ἔπειτα
874 211 947 252 καί
972 208 1049 258 τὰς
1078 208 1181 252 κατὰ
1212 208 1286 266 τὴν
1315 209 1632 266 Μιτυλήνηντέξ
1655 225 1741 253 πα-

313 277 595 337 ραλαβόντας,
625 277 850 318 ἐπιθέσθαι
880 275 996 333 αύτῷ
1024 272 1130 317 κατὰ
1159 273 1234 330 τήν
1268 273 1493 318 Φώκαιαν.
1532 275 1663 318 rafim
1692 275 1742 318 δὲ

312 343 412 392 τούς
448 340 684 395 Ῥωμαίους
738 343 1086 384 συνεσκευακέναι
1150 340 1200 382 οὗ
1246 342 1322 397 τῆς
1362 344 1444 384 τῶν
1488 343 1530 383 Γ
1527 341 1742 383 εννουϊτῶν

313 409 509 465 προνοίας
535 409 676 460 ἕνεκα,
721 405 812 448 ἀλλ’
841 407 1052 459 ἐπίβουλοι
1088 403 1162 447 καὶ
1191 404 1394 461 προδόται
1432 405 1637 461 βασιλέως
1673 419 1742 459 γε-

312 475 547 529 γενημένοι,
591 474 663 514 καί
686 472 759 527 τῆς
786 472 921 527 ἀρχῆς
945 472 1149 527 κρατῆσαι
1184 471 1522 527 βουληθέντεςέξ
1549 465 1608 514 ὦν
1637 463 1767 530 (ἔον-5

278 551 360 585 1)το
376 535 646 593 δυνήσεσθαι
674 538 923 593 διαφθεῖραι
952 534 1171 593 ἔπραττον.

183 620 224 655 v,
238 620 304 655 235
424 602 472 647 λ’.
527 601 735 652 Βασιλεύς
778 602 825 643 δὲ
860 600 953 643 ἐπεὶ
987 601 1161 644 ἐπύθετο
1188 602 1390 656 τοιαῦτα,
1433 602 1515 659 τήν»
1540 617 1587 644 τε
1613 596 1745 645 οὖσαν

312 667 594 727 παρεσκεύαζε
622 666 801 722 δύναμιν
837 666 896 716 οἷς
930 663 983 722 ἢν
1023 668 1094 725 δὲῃ
1134 666 1443 722 ναυμαχήσων,
1491 665 1746 724 michem

310 735 394 779 οἷπὸ
421 736 505 778 ταῖν
531 733 636 776 κατὰ
665 732 741 789 τὴν
769 733 927 775 Ἰωνίαν
961 731 1188 790 βαρβάρων
1223 734 1536 789 προσεπορίζετο
1565 727 1641 790 ὅση
1668 735 1744 776 δυ-

310 801 438 857 νατή.
508 798 580 842 καὶ
614 795 835 854 Σαρχάνης
871 800 950 852 μὲν
987 800 1186 854 τέτταρας
1226 800 1300 840 καί
1341 796 1470 841 εἴκοσι
1510 801 1762 855 παρέσχετοι

187 873 223 910 Ρ.
234 868 418 916 29321021‘59
457 864 532 908 καὶ
571 862 767 920 στρατιὰν
793 863 943 919 πολλὴν
969 863 1096 919 πεζήν
1123 880 1169 906 τε
1197 862 1270 906 καί
1291 862 1479 919 ἱππικὴν,
1507 861 1536 920 ἢ
1561 864 1745 907 ἐλθοῦσα

312 930 679 987 ἐστρατοπεδεύετο
703 927 819 985 παρὰ
846 928 923 984 τὴν
952 928 1176 971 Φώκαιαν·
1226 927 1393 985 Ἀμούρ
1423 931 1470 972 δὲ
1497 926 1520 972 ὃ
1545 930 1621 972 τοῦ
1651 928 1747 973 Ἀἴ-

312 997 424 1051 τίνη,
469 997 544 1037 τοῦ
569 992 750 1049 μεγάλου
789 996 1031 1048 δομεστίκου
1068 996 1310 1048 πείσαντος,
1362 992 1585 1050 τριάκοντα
1620 997 1748 1038 ναυσὶ

313 1060 539 1114 συνεμάχει
566 1063 744 1114 βασιλεῖ’.
779 1056 800 1101 ὃ
826 1058 904 1115 γὰρ
930 1062 1061 1114 μέγας
1089 1061 1325 1113 δομέστικος
1351 1062 1424 1102 καί
1447 1058 1642 1117 πρότερον
1667 1061 1746 1114 μὲν

314 1123 401 1180 εἶχε
435 1123 540 1181 πρὸς
585 1121 747 1181 Ἀμούρ
790 1126 939 1181 φιλίως
979 1127 1051 1167 καί
1082 1122 1326 1181 γράμμασιν
1362 1126 1478 1183 αὐτῷ
1504 1125 1651 1180 ὁμίλει
1676 1126 1799 1171 καίιό

314 1191 387 1246 τὴν
414 1185 578 1232 εἷῖνοιαν
605 1188 878 1244 ἐπεδείκνυτο,
907 1189 1141 1244 συνεγένετό
1180 1207 1223 1233 τε
1250 1189 1323 1232 καὶ
1347 1190 1418 1233 ἐπὶ
1448 1189 1598 1247 μικρὸν
1626 1187 1748 1248 ὀλίγῳ

315 1255 525 1312 πρότερον,
557 1251 625 1297 ὅτε
651 1254 755 1298 κατὰ
784 1256 984 1298 Φώκαιαν
1013 1254 1117 1311 πρὸς
1144 1259 1320 1310 βασιλέα
1347 1251 1441 1313 ἧκε·
1483 1255 1575 1299 τότε
1602 1254 1654 1298 δὲ’
1676 1259 1751 1312 τῆς

314 1322 459 1377 χρείας
486 1320 714 1375 καλούσης,
753 1322 974 1376 πρεσβείαν
1001 1324 1174 1374 πέμψας
1200 1320 1306 1377 πρὸς
1331 1321 1481 1375 αὐτὸν,
1509 1320 1560 1363 οὔ
1589 1319 1750 1364 διἰὶαιον

317 1386 498 1443 ἔφασκεν
525 1383 631 1428 εἶναι
660 1386 757 1427 οὐδὲ
788 1389 885 1427 καθ’
918 1384 1070 1440 ἡδονὴν
1106 1383 1217 1443 αύτῷ
1243 1385 1463 1443 γράμμασι
1489 1389 1563 1433 καί
1587 1386 1749 1442 ἀγγελί-

319 1467 385 1499 αις
412 1447 547 1506 ὥσπερ
577 1449 773 1507 πρότερον
794 1451 865 1492 καί
888 1447 1014 1498 αὖθις
1043 1449 1229 1503 ὁμιλεῖν.
1274 1449 1471 1506 πρότερον
1495 1449 1576 1506 γὰρ
1602 1452 1800 1494 atrimae

287 1514 426 1558 Βεῖναι
461 1518 533 1570 τῆς
575 1516 769 1571 τοιαύτης
806 1517 1032 1569 συντυχίας
1069 1514 1114 1557 τὸ
1154 1513 1257 1556 πολύ
1289 1515 1480 1572 ἀλλήλων
1510 1514 1747 1558 διεστάναι·

319 1580 413 1624 νυνὶ
439 1582 485 1623 δὲ
511 1579 630 1635 ἐγγύς
669 1580 987 1636 διατριβόντων,
1031 1580 1191 1623 δίκαιον
1228 1577 1362 1634 εἶναι,
1404 1579 1488 1635 εἴγε
1527 1581 1600 1623 καί
1637 1577 1747 1638 αὐτῷ

321 1645 426 1688 κατὰ
454 1644 620 1700 γνώμην
647 1644 710 1700 εἴη
724 1679 736 1699 ,
782 1647 826 1687 ἐν
864 1646 1079 1704 αἳρισμένῳ
1121 1645 1206 1688 τινί
1230 1644 1343 1703 τόπῳ
1379 1648 1650 1701 συγγενέσθαι
1676 1648 1749 1688 καὶ

320 1714 391 1767 τῆς
419 1708 602 1766 ἀλλήλων
630 1710 794 1765 ὁμιλίας
821 1707 1057 1753 ἀπολαῦσαι
1083 1710 1156 1753 καί
1178 1709 1254 1767 τὴν
1291 1706 1419 1753 οὖσαν
1446 1709 1748 1766 ἐπιβεβαιώσα-

319 1834 538 1880 reperirent,
566 1839 603 1868 et
627 1835 700 1868 illis
726 1834 822 1868 idem
850 1845 912 1867 sex
937 1834 1034 1881 apud
1057 1833 1279 1878 Mitylenen,
1314 1833 1494 1869 Phocaeae
1523 1834 1640 1878 ipsum
1677 1832 1749 1867 im-

319 1887 519 1926 peratorem
545 1882 779 1915 adorirentur.
831 1881 935 1914 Talia
966 1883 1139 1914 Romanos
1163 1882 1331 1915 struxisse
1346 1906 1356 1922 ‚
1379 1893 1453 1915 non
1477 1884 1517 1913 ut
1539 1879 1745 1914 Ganuensi-

319 1928 387 1961 bus
420 1928 664 1968 consulerent,
694 1928 756 1961 sed
778 1928 1006 1960 insidiatores
1036 1932 1073 1960 et
1104 1928 1306 1972 proditores
1331 1928 1442 1961 factos
1480 1931 1517 1960 et
1554 1926 1745 1970 imperium

320 1978 536 2012 affectantes,
562 1975 656 2007 unde
680 1985 717 2007 se
741 1975 857 2017 ipsum
874 1975 1126 2019 imperatorem
1140 1975 1214 2009 vita
1233 1974 1388 2020 spoliare
1406 1983 1512 2019 posse
1523 1971 1746 2007 arbitraren-

320 2026 402 2061 tur,
427 2020 465 2053 id
489 2031 591 2064 agere
619 2032 660 2053 ac
681 2020 812 2054 moliri.

414 2067 468 2099 30.
518 2066 581 2099 His
618 2066 750 2100 auditis
784 2067 977 2110 imperator
1002 2070 1039 2100 et
1060 2077 1147 2113 quas
1175 2077 1293 2100 secum
1318 2065 1476 2099 habebat
1492 2066 1611 2110 copias
1633 2069 1675 2098 ut
1697 2064 1755 2111 ad¹

319 2123 473 2158 pugnam
498 2114 660 2145 navalem
684 2113 905 2153 instruebat,
930 2114 960 2146 si
983 2125 1071 2158 opus
1098 2113 1210 2146 foret:
1238 2118 1275 2146 et
1297 2113 1385 2146 alias
1401 2113 1547 2157 insuper
1563 2123 1584 2145 a
1609 2111 1743 2145 barba-

321 2160 368 2192 ris
406 2170 450 2191 ex
483 2159 584 2191 Ionia
620 2163 771 2204 quantas
809 2165 950 2202 poterat
990 2160 1238 2205 conquirebat.
1295 2162 1345 2194 Ac
1376 2158 1570 2192 Sarchanes
1595 2158 1743 2204 quidem

322 2215 428 2238 naves
453 2210 643 2248 quaternas
666 2210 703 2238 et
721 2205 860 2238 vicenas
896 2205 1129 2250 peditumque
1153 2212 1190 2239 et
1209 2206 1370 2251 equitum
1386 2215 1547 2248 magnam
1569 2205 1640 2237 vim
1655 2204 1742 2237 sub-

322 2250 556 2291 ministravit,
583 2252 645 2295 qui
671 2262 782 2295 prope
807 2252 1001 2284 Phocaeam
1025 2251 1267 2289 tetenderunt.
1313 2251 1476 2285 Amurius
1500 2261 1584 2283 vero
1610 2250 1742 2284 Aitinis

322 2298 437 2336 filius,
470 2297 628 2340 impulsu
664 2297 780 2340 magni
806 2298 1011 2338 domestici,
1047 2309 1125 2331 cum
1161 2298 1308 2342 triginta
1345 2295 1495 2329 navibus
1531 2297 1742 2341 imperatori

279 2363 287 2369 ,
324 2343 535 2375 auxiliatum
554 2343 662 2375 venit.
711 2344 932 2377 Domesticus
959 2346 1052 2377 enim
1080 2350 1116 2377 et
1140 2349 1222 2377 ante
1233 2344 1417 2377 Amurium
1441 2342 1620 2388 diligebat
1640 2354 1742 2376 amo-

323 2400 468 2433 remque
496 2399 597 2421 suum
622 2388 752 2422 crebris
777 2391 810 2422 ei
835 2391 964 2423 litteris
989 2390 1211 2423 declarabat:
1235 2395 1272 2423 et
1304 2400 1382 2422 cum
1405 2388 1531 2422 eodem
1555 2387 1599 2422 ad
1623 2390 1742 2434 impe-

323 2441 475 2469 ratorem
506 2434 699 2467 Phocaeam
732 2436 899 2469 veniente
939 2438 1047 2481 paulo
1073 2442 1156 2470 ante
1185 2436 1409 2469 familiariter
1432 2446 1636 2480 congressus
1661 2436 1742 2468 fne-

325 2488 388 2515 rat.
438 2482 528 2513 Tum
554 2487 671 2514 autem
692 2492 729 2514 re
753 2482 803 2514 ita
826 2483 986 2523 iubente,
1013 2484 1146 2527 legatos
1168 2481 1213 2515 ad
1237 2492 1317 2515 eum
1335 2481 1444 2522 misit,
1471 2481 1535 2526 qui
1568 2480 1741 2523 dicerent,

322 2539 390 2560 nec
414 2528 543 2560 iustum
558 2552 567 2567 ,
595 2539 661 2560 nec
684 2528 754 2560 sibi
778 2529 971 2562 iucundum
995 2540 1089 2569 esse,
1114 2539 1249 2561 rursum
1273 2527 1411 2561 nuntiis
1438 2532 1476 2560 et
1498 2527 1632 2561 litteris
1660 2539 1740 2561 cum

326 2585 369 2607 eo
393 2574 491 2606 velut
514 2579 597 2606 ante
621 2574 789 2619 colloqui.
811 2574 898 2607 Nam
924 2574 1168 2608 huiuscemodi
1193 2574 1453 2619 colloquiorum
1477 2583 1616 2606 causam
1638 2574 1738 2618 prius

327 2620 460 2658 fuisse,
492 2619 590 2664 quod
627 2621 722 2653 inter
744 2631 783 2653 se
819 2621 959 2665 longius
994 2622 1179 2657 distarent.
1225 2620 1329 2653 Nunc
1354 2621 1524 2666 quoniam
1547 2620 1739 2654 viciniores

327 2666 422 2707 sint,
448 2676 601 2712 aequum
627 2677 703 2703 esse
717 2691 728 2708 ‚
751 2666 781 2700 si
805 2667 901 2701 idem
925 2668 981 2701 illi
1003 2667 1193 2713 probetur,
1217 2667 1255 2700 in
1278 2666 1357 2701 loco
1382 2667 1504 2712 aliquo
1527 2671 1624 2700 certo
1649 2677 1738 2701 con-
