<?xml version="1.0" encoding="UTF-8"?>
<!DOCTYPE html PUBLIC "-//W3C//DTD XHTML 1.0 Transitional//EN"
    "http://www.w3.org/TR/xhtml1/DTD/xhtml1-transitional.dtd">
<html xmlns="http://www.w3.org/1999/xhtml" xml:lang="en" lang="en">
 <head>
  <title>
</title>
<meta http-equiv="Content-Type" content="text/html;charset=utf-8" />
  <meta name='ocr-system' content='tesseract 3.04.00' />
  <meta name='ocr-capabilities' content='ocr_page ocr_carea ocr_par ocr_line ocrx_word'/>
</head>
<body>
  <div class='ocr_page' id='page_1' title='image "./corpusscriptorum23niebuoft_0016.png"; bbox 0 0 1728 3158; ppageno 0'>
   <div class='ocr_carea' id='block_1_1' title="bbox 298 499 1565 595">
    <p class='ocr_par' dir='ltr' id='par_1_1' title="bbox 298 499 1565 595">
     <span class='ocr_line' id='line_1_1' title="bbox 298 499 1565 595; baseline 0.002 -14"><span class='ocrx_word' id='word_1_1' title='bbox 298 531 589 583; x_wconf 79' lang='lat' dir='ltr'><strong>1Acossi</strong></span> <span class='ocrx_word' id='word_1_2' title='bbox 636 499 1023 583; x_wconf 34' lang='lat' dir='ltr'><strong>&#39;PONTANI</strong></span> <span class='ocrx_word' id='word_1_3' title='bbox 1068 531 1565 595; x_wconf 67' lang='lat' dir='ltr'><strong>PRAEFATIO,</strong></span> 
     </span>
    </p>
   </div>
   <div class='ocr_carea' id='block_1_2' title="bbox 215 931 1670 1144">
    <p class='ocr_par' dir='ltr' id='par_1_2' title="bbox 215 931 1660 1144">
     <span class='ocr_line' id='line_1_2' title="bbox 216 931 1654 1015; baseline 0.001 -18"><span class='ocrx_word' id='word_1_4' title='bbox 216 931 328 1015; x_wconf 79' lang='lat' dir='ltr'><strong>Qui</strong></span> <span class='ocrx_word' id='word_1_5' title='bbox 356 956 407 997; x_wconf 90' lang='lat' dir='ltr'><strong>de</strong></span> <span class='ocrx_word' id='word_1_6' title='bbox 431 957 626 997; x_wconf 88' lang='lat' dir='ltr'><strong>Graecis</strong></span> <span class='ocrx_word' id='word_1_7' title='bbox 616 971 658 996; x_wconf 90' lang='lat' dir='ltr'><strong>m</strong></span> <span class='ocrx_word' id='word_1_8' title='bbox 684 956 876 996; x_wconf 90' lang='lat' dir='ltr'><strong>Latinum</strong></span> <span class='ocrx_word' id='word_1_9' title='bbox 901 963 1137 997; x_wconf 87' lang='lat' dir='ltr'><strong>convertere</strong></span> <span class='ocrx_word' id='word_1_10' title='bbox 1161 957 1477 1012; x_wconf 83' lang='lat' dir='ltr'><strong>aggrediuntur,</strong></span> <span class='ocrx_word' id='word_1_11' title='bbox 1515 964 1556 999; x_wconf 83' lang='lat' dir='ltr'><strong>et</strong></span> <span class='ocrx_word' id='word_1_12' title='bbox 1579 957 1654 998; x_wconf 46' lang='lat' dir='ltr'><strong>boss</strong></span> 
     </span>
     <span class='ocr_line' id='line_1_3' title="bbox 215 1022 1670 1079; baseline -0.001 -14"><span class='ocrx_word' id='word_1_13' title='bbox 215 1039 291 1065; x_wconf 87' lang='lat' dir='ltr'><strong>nos</strong></span> <span class='ocrx_word' id='word_1_14' title='bbox 324 1025 537 1078; x_wconf 84' lang='lat' dir='ltr'><strong>scriptores</strong></span> <span class='ocrx_word' id='word_1_15' title='bbox 576 1023 701 1063; x_wconf 89' lang='lat' dir='ltr'><strong>veluti</strong></span> <span class='ocrx_word' id='word_1_16' title='bbox 734 1022 922 1062; x_wconf 79' lang='lat' dir='ltr'><strong>mortales</strong></span> <span class='ocrx_word' id='word_1_17' title='bbox 962 1025 1192 1077; x_wconf 82' lang='lat' dir='ltr'><strong>peregrinos</strong></span> <span class='ocrx_word' id='word_1_18' title='bbox 1209 1053 1221 1075; x_wconf 88' lang='lat'>‚</span> <span class='ocrx_word' id='word_1_19' title='bbox 1287 1031 1418 1079; x_wconf 85' lang='lat' dir='ltr'><strong>atque</strong></span> <span class='ocrx_word' id='word_1_20' title='bbox 1441 1023 1494 1064; x_wconf 79' lang='lat' dir='ltr'><strong>ab</strong></span> <span class='ocrx_word' id='word_1_21' title='bbox 1517 1025 1670 1064; x_wconf 68' lang='lat' dir='ltr'><strong>exim-is</strong></span> 
     </span>
     <span class='ocr_line' id='line_1_4' title="bbox 218 1088 1660 1144; baseline -0.001 -13"><span class='ocrx_word' id='word_1_22' title='bbox 218 1089 448 1143; x_wconf 82' lang='lat' dir='ltr'><strong>regionibus</strong></span> <span class='ocrx_word' id='word_1_23' title='bbox 470 1088 522 1128; x_wconf 91' lang='lat' dir='ltr'><strong>ad</strong></span> <span class='ocrx_word' id='word_1_24' title='bbox 547 1103 589 1128; x_wconf 85' lang='lat' dir='ltr'><strong>se</strong></span> <span class='ocrx_word' id='word_1_25' title='bbox 610 1089 877 1140; x_wconf 84' lang='lat' dir='ltr'><strong>ventitantes,</strong></span> <span class='ocrx_word' id='word_1_26' title='bbox 917 1088 1091 1142; x_wconf 85' lang='lat' dir='ltr'><strong>hospitio</strong></span> <span class='ocrx_word' id='word_1_27' title='bbox 1122 1089 1352 1130; x_wconf 85' lang='lat' dir='ltr'><strong>humaniter</strong></span> <span class='ocrx_word' id='word_1_28' title='bbox 1396 1103 1444 1130; x_wconf 86' lang='lat' dir='ltr'><strong>ac</strong></span> <span class='ocrx_word' id='word_1_29' title='bbox 1487 1089 1660 1144; x_wconf 78' lang='lat' dir='ltr'><strong>henigne</strong></span> 
     </span>
    </p>
   </div>
   <div class='ocr_carea' id='block_1_3' title="bbox 1680 0 1728 410">
    <p class='ocr_par' dir='ltr' id='par_1_3' title="bbox 1680 0 1728 410">
     <span class='ocr_line' id='line_1_5' title="bbox 1680 0 1728 410; baseline 0 2748"><span class='ocrx_word' id='word_1_30' title='bbox 1680 0 1728 410; x_wconf 95' lang='lat' dir='ltr'><strong> </strong></span> 
     </span>
    </p>
   </div>
   <div class='ocr_carea' id='block_1_4' title="bbox 216 1154 1723 1209">
    <p class='ocr_par' dir='ltr' id='par_1_4' title="bbox 216 1154 1723 1209">
     <span class='ocr_line' id='line_1_6' title="bbox 216 1154 1723 1209; baseline -0.001 -14"><span class='ocrx_word' id='word_1_31' title='bbox 216 1156 441 1209; x_wconf 85' lang='lat' dir='ltr'><strong>accipiunt,</strong></span> <span class='ocrx_word' id='word_1_32' title='bbox 490 1169 636 1209; x_wconf 82' lang='lat' dir='ltr'><strong>eosque</strong></span> <span class='ocrx_word' id='word_1_33' title='bbox 658 1156 812 1209; x_wconf 82' lang='lat' dir='ltr'><strong>patriae</strong></span> <span class='ocrx_word' id='word_1_34' title='bbox 843 1169 937 1194; x_wconf 87' lang='lat' dir='ltr'><strong>suae</strong></span> <span class='ocrx_word' id='word_1_35' title='bbox 964 1154 1168 1209; x_wconf 83' lang='lat' dir='ltr'>linguam,</span> <span class='ocrx_word' id='word_1_36' title='bbox 1206 1170 1341 1196; x_wconf 85' lang='lat' dir='ltr'><strong>mores</strong></span> <span class='ocrx_word' id='word_1_37' title='bbox 1355 1185 1369 1208; x_wconf 86' lang='lat'>‚</span> <span class='ocrx_word' id='word_1_38' title='bbox 1407 1163 1448 1196; x_wconf 84' lang='lat' dir='ltr'><strong>et</strong></span> <span class='ocrx_word' id='word_1_39' title='bbox 1477 1157 1661 1196; x_wconf 83' lang='lat' dir='ltr'><strong>instituta</strong></span> <span class='ocrx_word' id='word_1_40' title='bbox 1720 1191 1723 1193; x_wconf 16' lang='grc' dir='ltr'><strong>Α</strong></span> 
     </span>
    </p>
   </div>
   <div class='ocr_carea' id='block_1_5' title="bbox 187 1212 1699 2729">
    <p class='ocr_par' dir='ltr' id='par_1_5' title="bbox 187 1212 1699 2729">
     <span class='ocr_line' id='line_1_7' title="bbox 217 1212 1699 1274; baseline 0.001 -14"><span class='ocrx_word' id='word_1_41' title='bbox 217 1221 361 1260; x_wconf 89' lang='lat' dir='ltr'><strong>docere</strong></span> <span class='ocrx_word' id='word_1_42' title='bbox 389 1227 586 1260; x_wconf 88' lang='lat' dir='ltr'><strong>conantur</strong></span> <span class='ocrx_word' id='word_1_43' title='bbox 599 1250 611 1273; x_wconf 83' lang='lat'>‚</span> <span class='ocrx_word' id='word_1_44' title='bbox 649 1234 730 1274; x_wconf 90' lang='lat' dir='ltr'><strong>quo</strong></span> <span class='ocrx_word' id='word_1_45' title='bbox 761 1221 924 1273; x_wconf 86' lang='lat' dir='ltr'><strong>(contra</strong></span> <span class='ocrx_word' id='word_1_46' title='bbox 955 1235 1078 1274; x_wconf 87' lang='lat' dir='ltr'><strong>quam</strong></span> <span class='ocrx_word' id='word_1_47' title='bbox 1109 1220 1207 1261; x_wconf 87' lang='lat' dir='ltr'><strong>olim</strong></span> <span class='ocrx_word' id='word_1_48' title='bbox 1241 1220 1351 1262; x_wconf 91' lang='lat' dir='ltr'><strong>civili</strong></span> <span class='ocrx_word' id='word_1_49' title='bbox 1384 1221 1662 1261; x_wconf 74' lang='lat' dir='ltr'><strong>Romanorum</strong></span> <span class='ocrx_word' id='word_1_50' title='bbox 1693 1212 1699 1221; x_wconf 58' lang='lat'>⁸</span> 
     </span>
     <span class='ocr_line' id='line_1_8' title="bbox 187 1286 1662 1341; baseline 0.001 -16"><span class='ocrx_word' id='word_1_51' title='bbox 187 1287 306 1327; x_wconf 46' lang='lat' dir='ltr'><strong>xiure</strong></span> <span class='ocrx_word' id='word_1_52' title='bbox 342 1286 650 1341; x_wconf 81' lang='lat' dir='ltr'><strong>permittebatur</strong></span> <span class='ocrx_word' id='word_1_53' title='bbox 671 1315 684 1338; x_wconf 84' lang='lat'>,</span> <span class='ocrx_word' id='word_1_54' title='bbox 730 1300 803 1340; x_wconf 84' lang='lat' dir='ltr'><strong>per</strong></span> <span class='ocrx_word' id='word_1_55' title='bbox 844 1286 953 1340; x_wconf 92' lang='lat' dir='ltr'><strong>quod</strong></span> <span class='ocrx_word' id='word_1_56' title='bbox 986 1286 1158 1326; x_wconf 89' lang='lat' dir='ltr'><strong>duarum</strong></span> <span class='ocrx_word' id='word_1_57' title='bbox 1191 1288 1400 1327; x_wconf 85' lang='lat' dir='ltr'><strong>civitatum</strong></span> <span class='ocrx_word' id='word_1_58' title='bbox 1439 1287 1539 1327; x_wconf 80' lang='lat' dir='ltr'><strong>civis</strong></span> <span class='ocrx_word' id='word_1_59' title='bbox 1557 1291 1662 1327; x_wconf 77' lang='lat' dir='ltr'><strong>-&#39;esse</strong></span> 
     </span>
     <span class='ocr_line' id='line_1_9' title="bbox 216 1342 1692 1407; baseline 0.002 -16"><span class='ocrx_word' id='word_1_60' title='bbox 216 1366 337 1392; x_wconf 86' lang='lat' dir='ltr'><strong>nemo</strong></span> <span class='ocrx_word' id='word_1_61' title='bbox 364 1353 546 1407; x_wconf 84' lang='lat' dir='ltr'><strong>poterat)</strong></span> <span class='ocrx_word' id='word_1_62' title='bbox 585 1354 628 1391; x_wconf 92' lang='lat' dir='ltr'><strong>in</strong></span> <span class='ocrx_word' id='word_1_63' title='bbox 658 1360 863 1406; x_wconf 87' lang='lat' dir='ltr'><strong>posterum</strong></span> <span class='ocrx_word' id='word_1_64' title='bbox 887 1367 968 1392; x_wconf 92' lang='lat' dir='ltr'><strong>non</strong></span> <span class='ocrx_word' id='word_1_65' title='bbox 996 1354 1128 1393; x_wconf 90' lang='lat' dir='ltr'><strong>minus</strong></span> <span class='ocrx_word' id='word_1_66' title='bbox 1160 1355 1265 1392; x_wconf 90' lang='lat' dir='ltr'><strong>inter</strong></span> <span class='ocrx_word' id='word_1_67' title='bbox 1294 1354 1460 1393; x_wconf 86' lang='lat' dir='ltr'><strong>Latinos</strong></span> <span class='ocrx_word' id='word_1_68' title='bbox 1475 1382 1488 1405; x_wconf 83' lang='lat'>,</span> <span class='ocrx_word' id='word_1_69' title='bbox 1537 1365 1661 1407; x_wconf 82' lang='lat' dir='ltr'><strong>quam</strong></span> <span class='ocrx_word' id='word_1_70' title='bbox 1689 1342 1692 1345; x_wconf 18' lang='grc' dir='ltr'><strong>Δ</strong></span> 
     </span>
     <span class='ocr_line' id='line_1_10' title="bbox 215 1418 1658 1473; baseline 0.001 -16"><span class='ocrx_word' id='word_1_71' title='bbox 215 1419 322 1458; x_wconf 91' lang='lat' dir='ltr'><strong>inter</strong></span> <span class='ocrx_word' id='word_1_72' title='bbox 352 1420 526 1458; x_wconf 89' lang='lat' dir='ltr'><strong>Graecos</strong></span> <span class='ocrx_word' id='word_1_73' title='bbox 552 1419 730 1472; x_wconf 86' lang='lat' dir='ltr'><strong>profiteri</strong></span> <span class='ocrx_word' id='word_1_74' title='bbox 760 1426 934 1471; x_wconf 86' lang='lat' dir='ltr'><strong>queant,</strong></span> <span class='ocrx_word' id='word_1_75' title='bbox 978 1433 1055 1458; x_wconf 89' lang='lat' dir='ltr'><strong>nae</strong></span> <span class='ocrx_word' id='word_1_76' title='bbox 1080 1419 1138 1458; x_wconf 94' lang='lat' dir='ltr'><strong>illi</strong></span> <span class='ocrx_word' id='word_1_77' title='bbox 1160 1433 1308 1459; x_wconf 90' lang='lat' dir='ltr'><strong>munus</strong></span> <span class='ocrx_word' id='word_1_78' title='bbox 1333 1433 1430 1459; x_wconf 82' lang='lat' dir='ltr'><strong>sane</strong></span> <span class='ocrx_word' id='word_1_79' title='bbox 1452 1418 1658 1473; x_wconf 88' lang='lat' dir='ltr'><strong>pulcrum,</strong></span> 
     </span>
     <span class='ocr_line' id='line_1_11' title="bbox 214 1483 1662 1538; baseline 0.001 -15"><span class='ocrx_word' id='word_1_80' title='bbox 214 1484 427 1536; x_wconf 56' lang='lat' dir='ltr'><strong>utilitatis5</strong></span> <span class='ocrx_word' id='word_1_81' title='bbox 467 1484 803 1538; x_wconf 86' lang='lat' dir='ltr'><strong>iucunditatisque</strong></span> <span class='ocrx_word' id='word_1_82' title='bbox 841 1483 1006 1538; x_wconf 85' lang='lat' dir='ltr'><strong>plenum</strong></span> <span class='ocrx_word' id='word_1_83' title='bbox 1020 1499 1033 1524; x_wconf 78' lang='grc'><strong>.-</strong></span> <span class='ocrx_word' id='word_1_84' title='bbox 1092 1484 1197 1525; x_wconf 87' lang='lat' dir='ltr'><strong>addo</strong></span> <span class='ocrx_word' id='word_1_85' title='bbox 1233 1487 1354 1525; x_wconf 90' lang='lat' dir='ltr'><strong>etiam</strong></span> <span class='ocrx_word' id='word_1_86' title='bbox 1368 1514 1380 1536; x_wconf 91' lang='lat'><strong>‚</strong></span> <span class='ocrx_word' id='word_1_87' title='bbox 1421 1486 1501 1525; x_wconf 87' lang='lat' dir='ltr'><strong>nisi</strong></span> <span class='ocrx_word' id='word_1_88' title='bbox 1531 1485 1576 1524; x_wconf 90' lang='lat' dir='ltr'><strong>in</strong></span> <span class='ocrx_word' id='word_1_89' title='bbox 1612 1498 1662 1524; x_wconf 88' lang='lat' dir='ltr'><strong>eo</strong></span> 
     </span>
     <span class='ocr_line' id='line_1_12' title="bbox 217 1550 1661 1605; baseline 0.001 -16"><span class='ocrx_word' id='word_1_90' title='bbox 217 1552 538 1592; x_wconf 86' lang='lat' dir='ltr'><strong>exercitationem</strong></span> <span class='ocrx_word' id='word_1_91' title='bbox 568 1552 651 1589; x_wconf 89' lang='lat' dir='ltr'><strong>iam</strong></span> <span class='ocrx_word' id='word_1_92' title='bbox 692 1551 868 1604; x_wconf 85' lang='lat' dir='ltr'><strong>ceperint</strong></span> <span class='ocrx_word' id='word_1_93' title='bbox 882 1579 894 1602; x_wconf 90' lang='lat'>,</span> <span class='ocrx_word' id='word_1_94' title='bbox 944 1550 1180 1605; x_wconf 87' lang='lat' dir='ltr'><strong>impeditum</strong></span> <span class='ocrx_word' id='word_1_95' title='bbox 1229 1565 1276 1592; x_wconf 86' lang='lat' dir='ltr'><strong>ac</strong></span> <span class='ocrx_word' id='word_1_96' title='bbox 1311 1551 1558 1591; x_wconf 87' lang='lat' dir='ltr'><strong>laboriosum</strong></span> <span class='ocrx_word' id='word_1_97' title='bbox 1590 1564 1661 1604; x_wconf 83' lang='lat' dir='ltr'><strong>ag-</strong></span> 
     </span>
     <span class='ocr_line' id='line_1_13' title="bbox 214 1615 1662 1671; baseline 0 -17"><span class='ocrx_word' id='word_1_98' title='bbox 214 1615 468 1668; x_wconf 80' lang='lat' dir='ltr'><strong>grediuntur.</strong></span> <span class='ocrx_word' id='word_1_99' title='bbox 523 1616 633 1667; x_wconf 88' lang='lat' dir='ltr'><strong>Quid</strong></span> <span class='ocrx_word' id='word_1_100' title='bbox 667 1618 774 1655; x_wconf 87' lang='lat' dir='ltr'><strong>enim</strong></span> <span class='ocrx_word' id='word_1_101' title='bbox 790 1645 802 1667; x_wconf 84' lang='lat'>‚</span> <span class='ocrx_word' id='word_1_102' title='bbox 831 1616 974 1657; x_wconf 89' lang='lat' dir='ltr'><strong>amabo</strong></span> <span class='ocrx_word' id='word_1_103' title='bbox 992 1646 1004 1669; x_wconf 87' lang='lat'>,</span> <span class='ocrx_word' id='word_1_104' title='bbox 1034 1631 1127 1656; x_wconf 87' lang='lat' dir='ltr'><strong>cum</strong></span> <span class='ocrx_word' id='word_1_105' title='bbox 1159 1618 1350 1665; x_wconf 78' lang='lat' dir='ltr'><strong>universo</strong></span> <span class='ocrx_word' id='word_1_106' title='bbox 1379 1631 1525 1671; x_wconf 86' lang='lat' dir='ltr'><strong>genere</strong></span> <span class='ocrx_word' id='word_1_107' title='bbox 1553 1615 1662 1666; x_wconf 67' lang='lat' dir='ltr'><strong>litte·</strong></span> 
     </span>
     <span class='ocr_line' id='line_1_14' title="bbox 214 1681 1660 1736; baseline 0.001 -16"><span class='ocrx_word' id='word_1_108' title='bbox 214 1695 353 1721; x_wconf 83' lang='lat' dir='ltr'><strong>rarum</strong></span> <span class='ocrx_word' id='word_1_109' title='bbox 368 1711 380 1734; x_wconf 87' lang='lat'>‚</span> <span class='ocrx_word' id='word_1_110' title='bbox 408 1689 498 1721; x_wconf 89' lang='lat' dir='ltr'><strong>tum</strong></span> <span class='ocrx_word' id='word_1_111' title='bbox 516 1681 672 1721; x_wconf 87' lang='lat' dir='ltr'><strong>duabus</strong></span> <span class='ocrx_word' id='word_1_112' title='bbox 697 1682 807 1722; x_wconf 90' lang='lat' dir='ltr'><strong>hisce</strong></span> <span class='ocrx_word' id='word_1_113' title='bbox 832 1682 978 1736; x_wconf 83' lang='lat' dir='ltr'><strong>linguis</strong></span> <span class='ocrx_word' id='word_1_114' title='bbox 991 1712 1003 1735; x_wconf 85' lang='lat'><strong>,</strong></span> <span class='ocrx_word' id='word_1_115' title='bbox 1035 1684 1187 1724; x_wconf 85' lang='lat' dir='ltr'><strong>Graeca</strong></span> <span class='ocrx_word' id='word_1_116' title='bbox 1228 1683 1378 1723; x_wconf 89' lang='lat' dir='ltr'><strong>scilicet</strong></span> <span class='ocrx_word' id='word_1_117' title='bbox 1418 1697 1466 1723; x_wconf 82' lang='lat' dir='ltr'><strong>ae</strong></span> <span class='ocrx_word' id='word_1_118' title='bbox 1496 1683 1660 1732; x_wconf 73' lang='lat' dir='ltr'><strong>Latina,</strong></span> 
     </span>
     <span class='ocr_line' id='line_1_15' title="bbox 214 1748 1663 1802; baseline 0.001 -16"><span class='ocrx_word' id='word_1_119' title='bbox 214 1748 361 1800; x_wconf 92' lang='lat' dir='ltr'><strong>quibus</strong></span> <span class='ocrx_word' id='word_1_120' title='bbox 392 1748 553 1788; x_wconf 89' lang='lat' dir='ltr'><strong>divinae</strong></span> <span class='ocrx_word' id='word_1_121' title='bbox 569 1777 580 1799; x_wconf 88' lang='lat'>,</span> <span class='ocrx_word' id='word_1_122' title='bbox 618 1748 896 1802; x_wconf 87' lang='lat' dir='ltr'><strong>humanaeque</strong></span> <span class='ocrx_word' id='word_1_123' title='bbox 919 1756 1025 1788; x_wconf 88' lang='lat' dir='ltr'><strong>artes</strong></span> <span class='ocrx_word' id='word_1_124' title='bbox 1039 1779 1051 1800; x_wconf 85' lang='lat'>‚</span> <span class='ocrx_word' id='word_1_125' title='bbox 1091 1756 1131 1789; x_wconf 86' lang='lat' dir='ltr'><strong>et</strong></span> <span class='ocrx_word' id='word_1_126' title='bbox 1160 1750 1348 1789; x_wconf 84' lang='lat' dir='ltr'><strong>scientiae</strong></span> <span class='ocrx_word' id='word_1_127' title='bbox 1371 1763 1510 1790; x_wconf 89' lang='lat' dir='ltr'><strong>omues</strong></span> <span class='ocrx_word' id='word_1_128' title='bbox 1531 1749 1663 1788; x_wconf 87' lang='lat' dir='ltr'><strong>conti-</strong></span> 
     </span>
     <span class='ocr_line' id='line_1_16' title="bbox 214 1813 1663 1869; baseline 0.002 -18"><span class='ocrx_word' id='word_1_129' title='bbox 214 1820 362 1852; x_wconf 87' lang='lat' dir='ltr'><strong>nentur</strong></span> <span class='ocrx_word' id='word_1_130' title='bbox 375 1842 386 1864; x_wconf 87' lang='lat'>‚</span> <span class='ocrx_word' id='word_1_131' title='bbox 436 1813 709 1867; x_wconf 87' lang='lat' dir='ltr'><strong>praeclarius?</strong></span> <span class='ocrx_word' id='word_1_132' title='bbox 774 1814 873 1868; x_wconf 87' lang='lat' dir='ltr'><strong>quid</strong></span> <span class='ocrx_word' id='word_1_133' title='bbox 903 1814 1152 1868; x_wconf 85' lang='lat' dir='ltr'><strong>elegantius?</strong></span> <span class='ocrx_word' id='word_1_134' title='bbox 1202 1829 1374 1869; x_wconf 88' lang='lat' dir='ltr'><strong>quarum</strong></span> <span class='ocrx_word' id='word_1_135' title='bbox 1416 1816 1461 1854; x_wconf 91' lang='lat' dir='ltr'><strong>in</strong></span> <span class='ocrx_word' id='word_1_136' title='bbox 1489 1821 1663 1867; x_wconf 86' lang='lat' dir='ltr'><strong>utraque</strong></span> 
     </span>
     <span class='ocr_line' id='line_1_17' title="bbox 215 1875 1659 1935; baseline 0.001 -17"><span class='ocrx_word' id='word_1_137' title='bbox 215 1887 428 1919; x_wconf 82' lang='lat' dir='ltr'><strong>versantur</strong></span> <span class='ocrx_word' id='word_1_138' title='bbox 442 1909 454 1931; x_wconf 90' lang='lat'>‚</span> <span class='ocrx_word' id='word_1_139' title='bbox 499 1881 568 1933; x_wconf 91' lang='lat' dir='ltr'><strong>qui</strong></span> <span class='ocrx_word' id='word_1_140' title='bbox 596 1879 646 1919; x_wconf 92' lang='lat' dir='ltr'><strong>de</strong></span> <span class='ocrx_word' id='word_1_141' title='bbox 675 1879 800 1919; x_wconf 89' lang='lat' dir='ltr'><strong>altera</strong></span> <span class='ocrx_word' id='word_1_142' title='bbox 827 1882 869 1919; x_wconf 94' lang='lat' dir='ltr'><strong>in</strong></span> <span class='ocrx_word' id='word_1_143' title='bbox 904 1875 1071 1920; x_wconf 88' lang='lat' dir='ltr'><strong>alteram</strong></span> <span class='ocrx_word' id='word_1_144' title='bbox 1102 1881 1210 1922; x_wconf 87' lang='lat' dir='ltr'><strong>bona</strong></span> <span class='ocrx_word' id='word_1_145' title='bbox 1243 1883 1392 1935; x_wconf 81' lang='lat' dir='ltr'><strong>scripta</strong></span> <span class='ocrx_word' id='word_1_146' title='bbox 1425 1880 1659 1932; x_wconf 84' lang='lat' dir='ltr'><strong>transferre,</strong></span> 
     </span>
     <span class='ocr_line' id='line_1_18' title="bbox 216 1944 1660 2000; baseline 0 -16"><span class='ocrx_word' id='word_1_147' title='bbox 216 1951 257 1985; x_wconf 89' lang='lat' dir='ltr'><strong>et</strong></span> <span class='ocrx_word' id='word_1_148' title='bbox 288 1944 338 1983; x_wconf 89' lang='lat' dir='ltr'><strong>de</strong></span> <span class='ocrx_word' id='word_1_149' title='bbox 374 1944 649 1984; x_wconf 84' lang='lat' dir='ltr'><strong>doctrinarum</strong></span> <span class='ocrx_word' id='word_1_150' title='bbox 681 1945 900 1986; x_wconf 87' lang='lat' dir='ltr'><strong>candidatis</strong></span> <span class='ocrx_word' id='word_1_151' title='bbox 916 1975 927 1996; x_wconf 91' lang='lat'>‚</span> <span class='ocrx_word' id='word_1_152' title='bbox 974 1961 1126 2000; x_wconf 88' lang='lat' dir='ltr'><strong>perque</strong></span> <span class='ocrx_word' id='word_1_153' title='bbox 1153 1946 1243 1986; x_wconf 92' lang='lat' dir='ltr'><strong>illos</strong></span> <span class='ocrx_word' id='word_1_154' title='bbox 1270 1946 1321 1986; x_wconf 91' lang='lat' dir='ltr'><strong>de</strong></span> <span class='ocrx_word' id='word_1_155' title='bbox 1352 1946 1564 1986; x_wconf 91' lang='lat' dir='ltr'><strong>hominum</strong></span> <span class='ocrx_word' id='word_1_156' title='bbox 1590 1959 1660 1999; x_wconf 87' lang='lat' dir='ltr'><strong>ge-</strong></span> 
     </span>
     <span class='ocr_line' id='line_1_19' title="bbox 217 2011 1660 2066; baseline 0.001 -18"><span class='ocrx_word' id='word_1_157' title='bbox 217 2023 314 2053; x_wconf 81' lang='lat' dir='ltr'><strong>nere</strong></span> <span class='ocrx_word' id='word_1_158' title='bbox 348 2020 470 2064; x_wconf 88' lang='lat' dir='ltr'><strong>quam</strong></span> <span class='ocrx_word' id='word_1_159' title='bbox 504 2012 654 2064; x_wconf 89' lang='lat' dir='ltr'><strong>optime</strong></span> <span class='ocrx_word' id='word_1_160' title='bbox 679 2013 823 2054; x_wconf 85' lang='lat' dir='ltr'><strong>mereri</strong></span> <span class='ocrx_word' id='word_1_161' title='bbox 846 2012 968 2065; x_wconf 90' lang='lat' dir='ltr'><strong>(quod</strong></span> <span class='ocrx_word' id='word_1_162' title='bbox 996 2014 1128 2066; x_wconf 89' lang='lat' dir='ltr'><strong>ipsum</strong></span> <span class='ocrx_word' id='word_1_163' title='bbox 1157 2020 1217 2052; x_wconf 91' lang='lat' dir='ltr'><strong>est</strong></span> <span class='ocrx_word' id='word_1_164' title='bbox 1241 2014 1425 2066; x_wconf 88' lang='lat' dir='ltr'><strong>inprimis</strong></span> <span class='ocrx_word' id='word_1_165' title='bbox 1447 2011 1660 2064; x_wconf 90' lang='lat' dir='ltr'><strong>laudabile)</strong></span> 
     </span>
     <span class='ocr_line' id='line_1_20' title="bbox 219 2068 1660 2132; baseline -0.002 -13"><span class='ocrx_word' id='word_1_166' title='bbox 219 2078 469 2119; x_wconf 73' lang='lat' dir='ltr'><strong>annituntur.</strong></span> <span class='ocrx_word' id='word_1_167' title='bbox 535 2078 592 2117; x_wconf 89' lang='lat' dir='ltr'><strong>Et</strong></span> <span class='ocrx_word' id='word_1_168' title='bbox 617 2092 709 2117; x_wconf 90' lang='lat' dir='ltr'><strong>cum</strong></span> <span class='ocrx_word' id='word_1_169' title='bbox 740 2080 958 2117; x_wconf 85' lang='lat' dir='ltr'><strong>etiamnum</strong></span> <span class='ocrx_word' id='word_1_170' title='bbox 982 2078 1092 2119; x_wconf 83' lang='lat' dir='ltr'><strong>haud</strong></span> <span class='ocrx_word' id='word_1_171' title='bbox 1118 2094 1247 2132; x_wconf 86' lang='lat' dir='ltr'><strong>pauca</strong></span> <span class='ocrx_word' id='word_1_172' title='bbox 1277 2081 1321 2118; x_wconf 92' lang='lat' dir='ltr'><strong>in</strong></span> <span class='ocrx_word' id='word_1_173' title='bbox 1351 2068 1515 2121; x_wconf 83' lang='lat' dir='ltr'><strong>Graecis</strong></span> <span class='ocrx_word' id='word_1_174' title='bbox 1547 2078 1660 2118; x_wconf 86' lang='lat' dir='ltr'><strong>codi-</strong></span> 
     </span>
     <span class='ocr_line' id='line_1_21' title="bbox 220 2142 1659 2199; baseline -0.001 -15"><span class='ocrx_word' id='word_1_175' title='bbox 220 2143 333 2184; x_wconf 84' lang='lat' dir='ltr'><strong>cibus</strong></span> <span class='ocrx_word' id='word_1_176' title='bbox 348 2171 360 2194; x_wconf 88' lang='lat'>‚</span> <span class='ocrx_word' id='word_1_177' title='bbox 387 2157 471 2197; x_wconf 79' lang='lat' dir='ltr'><strong>per</strong></span> <span class='ocrx_word' id='word_1_178' title='bbox 494 2142 731 2183; x_wconf 88' lang='lat' dir='ltr'><strong>iHustriores</strong></span> <span class='ocrx_word' id='word_1_179' title='bbox 750 2146 1071 2198; x_wconf 90' lang='lat' dir='ltr'><strong>praepotentium</strong></span> <span class='ocrx_word' id='word_1_180' title='bbox 1108 2159 1153 2184; x_wconf 85' lang='lat' dir='ltr'><strong>ac</strong></span> <span class='ocrx_word' id='word_1_181' title='bbox 1197 2147 1427 2199; x_wconf 86' lang='lat' dir='ltr'><strong>principum</strong></span> <span class='ocrx_word' id='word_1_182' title='bbox 1458 2146 1659 2196; x_wconf 85' lang='lat' dir='ltr'><strong>virorum,</strong></span> 
     </span>
     <span class='ocr_line' id='line_1_22' title="bbox 220 2208 1659 2262; baseline 0.002 -16"><span class='ocrx_word' id='word_1_183' title='bbox 220 2215 261 2247; x_wconf 86' lang='lat' dir='ltr'><strong>et</strong></span> <span class='ocrx_word' id='word_1_184' title='bbox 296 2208 685 2262; x_wconf 89' lang='lat' dir='ltr'><strong>rerumpublicarum</strong></span> <span class='ocrx_word' id='word_1_185' title='bbox 728 2209 989 2249; x_wconf 88' lang='lat' dir='ltr'><strong>bibliothecas</strong></span> <span class='ocrx_word' id='word_1_186' title='bbox 1032 2210 1170 2251; x_wconf 87' lang='lat' dir='ltr'><strong>abdita</strong></span> <span class='ocrx_word' id='word_1_187' title='bbox 1217 2218 1258 2250; x_wconf 91' lang='lat' dir='ltr'><strong>et</strong></span> <span class='ocrx_word' id='word_1_188' title='bbox 1303 2211 1459 2250; x_wconf 89' lang='lat' dir='ltr'><strong>inclusa</strong></span> <span class='ocrx_word' id='word_1_189' title='bbox 1491 2210 1659 2261; x_wconf 86' lang='lat' dir='ltr'><strong>lateant,</strong></span> 
     </span>
     <span class='ocr_line' id='line_1_23' title="bbox 220 2274 1660 2333; baseline 0.003 -21"><span class='ocrx_word' id='word_1_190' title='bbox 220 2274 366 2327; x_wconf 90' lang='lat' dir='ltr'><strong>quibus</strong></span> <span class='ocrx_word' id='word_1_191' title='bbox 396 2275 439 2314; x_wconf 90' lang='lat' dir='ltr'><strong>in</strong></span> <span class='ocrx_word' id='word_1_192' title='bbox 475 2282 658 2328; x_wconf 91' lang='lat' dir='ltr'><strong>apertum</strong></span> <span class='ocrx_word' id='word_1_193' title='bbox 690 2275 860 2333; x_wconf 73' lang='lat' dir='ltr'><strong>proditis</strong></span> <span class='ocrx_word' id='word_1_194' title='bbox 893 2290 1068 2316; x_wconf 87' lang='lat' dir='ltr'><strong>crescere</strong></span> <span class='ocrx_word' id='word_1_195' title='bbox 1081 2305 1093 2327; x_wconf 84' lang='lat'>‚</span> <span class='ocrx_word' id='word_1_196' title='bbox 1141 2290 1187 2317; x_wconf 87' lang='lat' dir='ltr'><strong>ac</strong></span> <span class='ocrx_word' id='word_1_197' title='bbox 1222 2278 1436 2331; x_wconf 84' lang='lat' dir='ltr'><strong>propagari</strong></span> <span class='ocrx_word' id='word_1_198' title='bbox 1463 2277 1589 2330; x_wconf 89' lang='lat' dir='ltr'><strong>possit</strong></span> <span class='ocrx_word' id='word_1_199' title='bbox 1616 2276 1660 2316; x_wconf 87' lang='lat' dir='ltr'><strong>in</strong></span> 
     </span>
     <span class='ocr_line' id='line_1_24' title="bbox 220 2342 1659 2397; baseline 0.001 -18"><span class='ocrx_word' id='word_1_200' title='bbox 220 2354 381 2380; x_wconf 89' lang='lat' dir='ltr'><strong>omnem</strong></span> <span class='ocrx_word' id='word_1_201' title='bbox 405 2348 561 2394; x_wconf 89' lang='lat' dir='ltr'><strong>partem</strong></span> <span class='ocrx_word' id='word_1_202' title='bbox 590 2349 727 2380; x_wconf 91' lang='lat' dir='ltr'><strong>nostra</strong></span> <span class='ocrx_word' id='word_1_203' title='bbox 760 2342 930 2382; x_wconf 82' lang='lat' dir='ltr'><strong>eruditio</strong></span> <span class='ocrx_word' id='word_1_204' title='bbox 946 2372 958 2395; x_wconf 87' lang='lat'>‚</span> <span class='ocrx_word' id='word_1_205' title='bbox 1009 2357 1148 2382; x_wconf 88' lang='lat' dir='ltr'><strong>eorum</strong></span> <span class='ocrx_word' id='word_1_206' title='bbox 1171 2342 1328 2394; x_wconf 88' lang='lat' dir='ltr'><strong>studia,</strong></span> <span class='ocrx_word' id='word_1_207' title='bbox 1367 2344 1438 2397; x_wconf 92' lang='lat' dir='ltr'><strong>qui</strong></span> <span class='ocrx_word' id='word_1_208' title='bbox 1474 2342 1516 2381; x_wconf 92' lang='lat' dir='ltr'><strong>id</strong></span> <span class='ocrx_word' id='word_1_209' title='bbox 1542 2355 1659 2395; x_wconf 87' lang='lat' dir='ltr'><strong>prae-</strong></span> 
     </span>
     <span class='ocr_line' id='line_1_25' title="bbox 222 2397 1659 2463; baseline 0 -16"><span class='ocrx_word' id='word_1_210' title='bbox 222 2414 355 2461; x_wconf 10' lang='lat' dir='ltr'><strong>stant«,</strong></span> <span class='ocrx_word' id='word_1_211' title='bbox 383 2407 557 2447; x_wconf 85' lang='lat' dir='ltr'><strong>fructum</strong></span> <span class='ocrx_word' id='word_1_212' title='bbox 587 2408 691 2447; x_wconf 87' lang='lat' dir='ltr'><strong>serre</strong></span> <span class='ocrx_word' id='word_1_213' title='bbox 710 2422 972 2463; x_wconf 84' lang='lat' dir='ltr'><strong>permagnum</strong></span> <span class='ocrx_word' id='word_1_214' title='bbox 999 2412 1088 2463; x_wconf 89' lang='lat' dir='ltr'><strong>quis</strong></span> <span class='ocrx_word' id='word_1_215' title='bbox 1106 2397 1376 2449; x_wconf 82' lang='lat' dir='ltr'><strong>inficiabitur?</strong></span> <span class='ocrx_word' id='word_1_216' title='bbox 1430 2408 1510 2448; x_wconf 92' lang='lat' dir='ltr'><strong>Sed</strong></span> <span class='ocrx_word' id='word_1_217' title='bbox 1530 2421 1659 2461; x_wconf 87' lang='lat' dir='ltr'><strong>quan-</strong></span> 
     </span>
     <span class='ocr_line' id='line_1_26' title="bbox 221 2472 1659 2530; baseline 0.003 -19"><span class='ocrx_word' id='word_1_218' title='bbox 221 2486 344 2526; x_wconf 89' lang='lat' dir='ltr'><strong>quam</strong></span> <span class='ocrx_word' id='word_1_219' title='bbox 378 2472 492 2512; x_wconf 89' lang='lat' dir='ltr'><strong>labor</strong></span> <span class='ocrx_word' id='word_1_220' title='bbox 530 2474 564 2512; x_wconf 91' lang='lat' dir='ltr'><strong>is</strong></span> <span class='ocrx_word' id='word_1_221' title='bbox 596 2472 725 2513; x_wconf 86' lang='lat' dir='ltr'><strong>adhuc</strong></span> <span class='ocrx_word' id='word_1_222' title='bbox 758 2475 955 2516; x_wconf 84' lang='lat' dir='ltr'><strong>tironibus</strong></span> <span class='ocrx_word' id='word_1_223' title='bbox 970 2504 981 2525; x_wconf 83' lang='lat'>,</span> <span class='ocrx_word' id='word_1_224' title='bbox 1031 2489 1332 2530; x_wconf 89' lang='lat' dir='ltr'><strong>paucorumque</strong></span> <span class='ocrx_word' id='word_1_225' title='bbox 1369 2473 1659 2528; x_wconf 77' lang='lat' dir='ltr'><strong>stipendiorum</strong></span> 
     </span>
     <span class='ocr_line' id='line_1_27' title="bbox 222 2538 1659 2594; baseline 0.001 -18"><span class='ocrx_word' id='word_1_226' title='bbox 222 2538 416 2580; x_wconf 86' lang='lat' dir='ltr'><strong>militibus</strong></span> <span class='ocrx_word' id='word_1_227' title='bbox 459 2540 663 2592; x_wconf 86' lang='lat' dir='ltr'><strong>operosior</strong></span> <span class='ocrx_word' id='word_1_228' title='bbox 696 2540 864 2582; x_wconf 84' lang='lat' dir='ltr'><strong>accidit:</strong></span> <span class='ocrx_word' id='word_1_229' title='bbox 919 2547 1133 2594; x_wconf 88' lang='lat' dir='ltr'><strong>propterea</strong></span> <span class='ocrx_word' id='word_1_230' title='bbox 1165 2540 1275 2593; x_wconf 90' lang='lat' dir='ltr'><strong>quod</strong></span> <span class='ocrx_word' id='word_1_231' title='bbox 1314 2539 1514 2594; x_wconf 88' lang='lat' dir='ltr'><strong>permulta</strong></span> <span class='ocrx_word' id='word_1_232' title='bbox 1542 2541 1659 2580; x_wconf 58' lang='lat' dir='ltr'><strong>⁴vitia</strong></span> 
     </span>
     <span class='ocr_line' id='line_1_28' title="bbox 224 2605 1659 2659; baseline 0.001 -16"><span class='ocrx_word' id='word_1_233' title='bbox 224 2611 262 2643; x_wconf 85' lang='lat' dir='ltr'><strong>et</strong></span> <span class='ocrx_word' id='word_1_234' title='bbox 287 2610 446 2657; x_wconf 88' lang='lat' dir='ltr'><strong>peccata</strong></span> <span class='ocrx_word' id='word_1_235' title='bbox 475 2612 716 2655; x_wconf 85' lang='lat' dir='ltr'><strong>occurrunt,</strong></span> <span class='ocrx_word' id='word_1_236' title='bbox 756 2621 858 2659; x_wconf 87' lang='lat' dir='ltr'><strong>quac</strong></span> <span class='ocrx_word' id='word_1_237' title='bbox 894 2608 1022 2646; x_wconf 87' lang='lat' dir='ltr'><strong>vitare</strong></span> <span class='ocrx_word' id='word_1_238' title='bbox 1054 2605 1214 2645; x_wconf 84' lang='lat' dir='ltr'><strong>difficile</strong></span> <span class='ocrx_word' id='word_1_239' title='bbox 1246 2613 1304 2657; x_wconf 88' lang='lat' dir='ltr'><strong>est</strong></span> <span class='ocrx_word' id='word_1_240' title='bbox 1338 2607 1462 2658; x_wconf 88' lang='lat' dir='ltr'><strong>(cuius</strong></span> <span class='ocrx_word' id='word_1_241' title='bbox 1493 2606 1549 2644; x_wconf 88' lang='lat' dir='ltr'><strong>rei</strong></span> <span class='ocrx_word' id='word_1_242' title='bbox 1578 2619 1659 2645; x_wconf 85' lang='lat' dir='ltr'><strong>nou</strong></span> 
     </span>
     <span class='ocr_line' id='line_1_29' title="bbox 223 2669 1659 2729; baseline -0.003 -16"><span class='ocrx_word' id='word_1_243' title='bbox 223 2669 310 2709; x_wconf 82' lang='lat' dir='ltr'><strong>leve</strong></span> <span class='ocrx_word' id='word_1_244' title='bbox 341 2679 616 2725; x_wconf 82' lang='lat' dir='ltr'><strong>argumentum</strong></span> <span class='ocrx_word' id='word_1_245' title='bbox 631 2701 642 2723; x_wconf 88' lang='lat'>‚</span> <span class='ocrx_word' id='word_1_246' title='bbox 673 2672 781 2726; x_wconf 89' lang='lat' dir='ltr'><strong>quod</strong></span> <span class='ocrx_word' id='word_1_247' title='bbox 808 2687 900 2715; x_wconf 85' lang='lat' dir='ltr'><strong>cum</strong></span> <span class='ocrx_word' id='word_1_248' title='bbox 930 2675 1164 2729; x_wconf 84' lang='lat' dir='ltr'><strong>interpretes</strong></span> <span class='ocrx_word' id='word_1_249' title='bbox 1184 2686 1309 2728; x_wconf 84' lang='lat' dir='ltr'><strong>paene</strong></span> <span class='ocrx_word' id='word_1_250' title='bbox 1335 2669 1659 2722; x_wconf 69' lang='lat' dir='ltr'><strong>innumerabiles,</strong></span> 
     </span>
    </p>
   </div>
  </div>
 </body>
</html>
