1820 3164
267 99 378 156 556
787 106 1155 162 CANTAc'UzEm

67 226 148 264 A.c.
166 229 246 275 ¹³4¹
263 218 391 263 πολλὰ
416 219 645 273 καταβοῶν,
674 217 860 275 ἀποδράς
892 214 1022 276 ᾤχετο
1050 219 1156 276 πρὸς
1175 216 1374 277 Ἰταλίαν,
1399 225 1473 267 καί
1498 237 1690 282 σνμφροφ
1744 252 1750 255 ,

261 285 387 340 νήσας
415 282 618 332 Λατίνοις
657 280 794 339 ὥσπερ
832 283 906 326 καὶ
929 284 1156 341 πρότερον,
1200 287 1419 338 ἐπίσκοπος
1451 288 1525 330 ὕπ’
1550 285 1689 333 αὕτιῖν

253 347 431 405 Ἱέρακος
455 345 688 405 ἀνεδείχθη.
715 347 788 391 καί
809 349 858 391 οὗ
885 351 1021 408 πολλῷ
1039 347 1213 407 ὕστερον
1226 353 1267 394 Γ
1263 348 1455 408 ρηγόριός
1470 369 1534 404 τις
1551 346 1690 411 ἕτερος

257 430 364 467 μονα
366 412 440 468 χὸς
474 413 715 464 Ἀκίνδυνος
744 416 1077 470 ἔπικεκλημένος,
1115 413 1309 471 ὁμιλητὴς
1337 416 1545 473 Βαρλαὰμ
1579 417 1686 462 κατὰ

256 477 329 533 τήν
354 477 434 529 ἔξω
456 480 610 536 σοφίαν
627 481 888 535 γεγενημένος
927 479 1001 522 καὶ
1019 480 1149 523 πολὺν
1173 481 1288 538 αὕτῷ
1305 481 1506 539 φοιτήσας
1517 481 1713 543 χρόνον,5

254 545 338 586 τῶν
360 544 517 586 ἐκείνου
540 545 752 602 διαφορῶν
771 540 830 588 ὧν
854 546 1055 601 διηνέχθη
1069 543 1173 602 πρὸς
1183 548 1400 600 Παλαμᾶν
1421 543 1684 604 ἀντεποιήθη·

130 618 245 660 Ρ,337
255 610 474 664 συνέβαινε
499 610 547 652 δέ
569 626 613 652 τι
634 614 790 666 γελοῖον
811 611 908 668 περὶ
930 610 1073 654 αὐτόν.
1099 610 1310 668 Βαρλαάμ
1327 613 1406 667 μὲν
1419 610 1501 669 γὰρ
1519 611 1687 658 ἀπεσεί-

254 689 323 716 ετο
359 676 418 732 τῷ
457 672 563 733 λόγῳ
573 708 587 729 ,
640 669 718 718 κάν
754 691 818 726 τις
854 673 959 732 πρὸς
995 672 1129 719 αὖτὸν
1155 676 1214 726 αἱς
1240 676 1294 719 τὰ
1322 678 1480 720 ἐκείνου
1509 679 1685 734 φρονοίη

215 783 217 786 ⁴
253 740 389 793 λέγοι,
430 737 504 795 τήν
531 742 749 783 κοινωνίαν
786 756 833 783 τε
861 737 1091 783 ἀπεωθεῖτο
1131 743 1204 784 καί
1226 740 1446 798 κατηγόρει
1471 739 1686 798 Βαρλαᾶμ

254 804 312 853 ὥς
339 805 472 854 κακῶς
498 807 748 862 φρονοῦντος
775 807 848 849 καί
873 803 1126 858 ἆπεναντίως
1151 813 1235 857 τοῖς
1262 807 1407 862 ἁγίοις·
1436 808 1488 865 τῇ
1513 808 1563 849 δ’·
1579 803 1737 864 ἄλη-ιο

251 869 348 927 θεία
374 869 581 926 κατάκρας
606 870 747 929 ἐκείνῳ
790 871 1008 927 ἠκολούθει
1043 873 1115 915 καὶ
1150 872 1275 916 οὐδὲν
1311 867 1340 928 ἦ
1366 871 1516 931 μικρὸν
1543 867 1573 928 ἢ
1593 876 1686 926 μετ-

257 935 328 985 ζον
355 935 591 990 διεφέρετο.
645 931 776 985 αὖθις
803 938 850 978 δὲ
877 935 1060 987 στάσεως
1097 935 1201 980 κατὰ
1235 935 1312 993 τὴν
1337 937 1555 993 ἐκκλησίαν
1579 933 1686 980 ἅνα-

256 1001 488 1055 φυομένης,
529 1000 574 1041 ἐν
601 1001 723 1058 δεινῷ
747 1002 962 1055 τιθέμενος
991 1001 1013 1044 ὅ
1042 1000 1327 1059 πατριάρχης,
1360 1003 1401 1045 εἷ
1425 1000 1496 1045 διὰ
1523 1000 1599 1059 τήν
1623 1018 1686 1046 τι·

253 1078 344 1105 νων
379 1064 634 1119 φιλονεικίαν
676 1064 818 1122 νοσοίη
862 1066 935 1109 καί
971 1068 1210 1124 ταράττοιτο
1250 1065 1305 1110 τὰ
1343 1067 1418 1124 τῆς
1456 1065 1685 1124 ἐκκλησίας,

253 1129 429 1172 σύνοδον
455 1129 528 1172 καὶ
553 1125 680 1180 αὖθις
706 1132 902 1189 δευτέραν
929 1131 1198 1190 συναθροίζει
1224 1131 1328 1176 κατὰ
1355 1132 1429 1175 τὸν
1452 1129 1580 1176 αὖτὸν
1607 1131 1735 1187 τῆςιό

252 1196 356 1236 θεοῦ
383 1194 541 1251 Σοφίας
567 1195 694 1251 νεών,
745 1197 1087 1254 συνεδριάζοντος
1119 1199 1233 1257 αὖτῷ
1259 1200 1331 1242 καί
1353 1197 1534 1254 μεγάλου
1562 1199 1685 1252 δομο-

252 1261 394 1302 στίκου
447 1258 522 1302 καὶ
560 1257 651 1303 ὅσοι
703 1261 939 1318 ἐπεδήμουν
985 1265 1203 1322 Βυζαντίῳ
1248 1265 1332 1307 τῶν
1378 1265 1681 1320 συγκλητικῶν.

215 1324 386 1369 Βπολλὰ
415 1326 461 1368 δὲ
484 1324 589 1381 πρὸς
616 1323 820 1382 ἀλλήλους
845 1329 928 1370 τῶν
955 1330 996 1370 Γ
994 1332 1195 1384 ρηγορίων
1223 1327 1517 1383 ἀντειπόντων,
1544 1326 1636 1371 ἐπεὶ
1660 1324 1684 1370 ὃ

246 1389 486 1439 Ἀκίνδυνος
512 1391 704 1447 ἐφαίνετο
728 1390 780 1434 τοὶ
807 1390 880 1435 ἴσα
906 1392 1118 1448 Βαρλαὰμ
1144 1393 1216 1436 καί
1249 1399 1378 1449 λέγων
1404 1392 1482 1442 καὶ
1506 1395 1684 1451 φρονεῖν,

251 1456 396 1510 ψῆφος
420 1456 499 1508 μὲν
523 1455 778 1512 ἐξενήνεκται
814 1455 927 1513 κοινή
957 1457 1189 1500 ἐπισκόπων
1226 1475 1272 1500 τε
1298 1458 1371 1501 καὶ
1393 1460 1476 1502 τῶν
1502 1462 1738 1514 ‹mynden-20

251 1520 376 1561 τικῶν
401 1518 506 1562 κατὰ
528 1519 773 1563 Ἀκινδύνου
800 1523 873 1563 καί
897 1523 980 1565 τῶν
1007 1522 1122 1580 αὐτῷ
1163 1522 1426 1580 φρονούντων
1452 1521 1577 1576 ἴσως,
1623 1523 1682 1572 ὥς

251 1583 302 1626 τοὶ
331 1583 547 1641 αἱρετικῶν
576 1585 840 1642 φρονούντων
867 1586 941 1629 καί
965 1586 1176 1643 λεγόντων.
1233 1588 1504 1644 ἀφορίζονται
1531 1588 1578 1630 δὸ
1613 1587 1688 1631 καὶ

251 1650 322 1706 τῆς
347 1648 561 1700 κοινωνίας
586 1652 669 1694 τῶν
700 1650 952 1709 ὄρθοδδξων,
992 1654 1032 1695 εἶ
1055 1651 1114 1709 μὴ
1144 1654 1448 1710 ἐπιστρέφοιεν,
1476 1653 1568 1696 ἀλλ’
1593 1654 1685 1697 ἔπι-

253 1794 357 1829 valde
382 1796 598 1832 claudicasse
622 1798 831 1833 clamitans:
860 1803 897 1833 et
920 1798 1106 1845 aufugiens
1139 1800 1178 1833 in
1202 1799 1364 1840 Italiam,
1401 1808 1483 1832 cum
1515 1797 1681 1840 Latinis,

253 1847 296 1875 ut
331 1848 461 1884 antea,
496 1845 609 1878 sensit
640 1844 685 1878 ab
721 1846 845 1891 eisque
881 1846 1040 1879 Hieracis
1077 1846 1264 1891 episcopus
1296 1850 1436 1879 creatus
1474 1849 1540 1882 est.
1597 1843 1680 1880 Non

255 1889 372 1922 multo
411 1894 493 1934 post
525 1891 617 1923 alius
653 1891 801 1937 quidam
833 1891 1024 1937 Gregorius
1053 1891 1262 1933 monachus,
1303 1890 1510 1934 Acindynus
1544 1902 1680 1936 cogno-

254 1936 437 1976 minatus,
471 1937 645 1970 Barlaami
683 1939 723 1972 in
763 1938 913 1983 profana
950 1936 1113 1972 doctrina
1148 1939 1256 1983 longo
1279 1938 1453 1984 temporis
1477 1938 1593 1983 spatio
1622 1936 1680 1971 ‹li-

255 1982 434 2026 scipulus‚
473 1982 734 2018 dissensionem
767 1984 845 2018 eius
885 1990 922 2018 et
943 1985 1045 2018 litem
1082 1996 1163 2018 cum
1199 1985 1360 2025 Palma,
1396 1989 1439 2017 ut
1471 1994 1678 2022 successor.

256 2028 428 2072 arripuit,
462 2029 520 2062 cui
540 2030 710 2076 quiddam
731 2030 925 2066 ridiculum
951 2032 1111 2076 contigit.
1149 2032 1376 2065 Barlaamum
1396 2029 1546 2076 quidem
1567 2029 1677 2064 verbo

256 2073 472 2119 repudiabat
509 2080 546 2109 et
578 2081 620 2109 ut
656 2077 750 2111 male
781 2078 984 2124 sanctisque
1033 2076 1196 2122 patribus
1241 2077 1419 2111 contraria
1462 2076 1679 2110 sentientem

255 2122 467 2155 accusabat:
492 2133 530 2155 re
555 2128 676 2156 autem
700 2134 784 2157 vera
809 2135 955 2168 prorsus
982 2135 1065 2158 eum
1099 2123 1318 2169 sequebatur
1352 2121 1447 2156 nihil
1476 2134 1520 2166 ue
1559 2121 1678 2156 omni·

253 2177 302 2199 no
339 2167 384 2200 ab
421 2178 462 2200 eo
500 2167 697 2203 differebat.
746 2171 895 2203 Rursum
926 2172 1050 2217 itaque
1085 2169 1265 2204 seditione
1295 2180 1336 2202 ac
1361 2174 1460 2203 tumu
1478 2173 1517 2202 tu
1541 2167 1580 2202 in
1618 2178 1679 2201 ec-

257 2212 365 2246 clesia
400 2215 606 2255 exoriente,
641 2216 839 2260 patriarcha
873 2217 1042 2263 iniquum
1073 2217 1234 2258 ducens,
1271 2221 1419 2263 propter
1438 2213 1677 2261 quorumdam

256 2258 374 2292 rixosa
418 2260 561 2305 ingenia
604 2262 774 2296 ecclesiae
822 2268 953 2296 statum
1001 2264 1225 2308 perturbari,
1277 2261 1451 2306 synodum
1495 2260 1535 2294 in
1579 2259 1678 2294 idem

257 2304 413 2349 Sophiae
452 2307 622 2351 templum
655 2310 772 2353 cogit,
813 2309 994 2343 assidente
1029 2309 1100 2355 ipsi
1141 2316 1178 2343 et
1219 2320 1347 2354 magno
1393 2307 1589 2341 domestico
1636 2311 1676 2340 et

255 2357 435 2397 quotquot
468 2354 630 2396 Byzantii
659 2360 760 2388 erant
791 2356 1027 2389 senatoribus.
1077 2356 1166 2389 Cum
1191 2354 1355 2401 Gregorii
1379 2353 1440 2386 diu
1465 2358 1675 2387 controver-

254 2399 322 2431 sati
358 2404 498 2439 essent,
535 2399 599 2433 ubi
635 2400 920 2435 animadversum
955 2407 1009 2435 est
1041 2401 1268 2446 Acindynum
1306 2400 1480 2434 Barlaami
1517 2399 1674 2432 cantile-

252 2455 334 2476 nam
358 2456 505 2486 canere,
538 2446 583 2479 ab
620 2447 797 2492 episcopis
834 2454 870 2481 et
893 2453 1019 2482 senatu
1044 2449 1281 2482 communiter
1304 2452 1427 2480 contra
1451 2445 1675 2478 Barlaamum

253 2490 403 2536 eiusque
426 2497 618 2526 sectatores
653 2498 693 2526 ut
726 2492 924 2528 haereticos
948 2495 1023 2529 lata
1052 2500 1107 2529 est
1142 2493 1338 2528 sententia:
1374 2497 1412 2525 et
1441 2492 1511 2525 nisi
1545 2492 1675 2536 resipi-

251 2543 411 2579 scerent,
435 2538 480 2571 ab
505 2538 783 2573 orthodoxorum
818 2541 1066 2576 commuuione
1090 2546 1242 2587 uterque
1263 2544 1474 2584 segregatus.
1520 2537 1595 2571 Nec
1618 2536 1674 2570 ini

251 2584 385 2624 solum,
408 2583 473 2618 scd
495 2591 533 2619 et
555 2586 584 2618 si
608 2588 688 2631 quis
713 2587 803 2619 alius
827 2587 872 2620 de
891 2593 1009 2621 cetero
1033 2588 1122 2621 talia
1145 2586 1294 2620 auderet
1325 2591 1362 2618 et
1388 2585 1547 2619 Palamae
1572 2582 1675 2616 aliis-

252 2641 320 2674 quo
345 2631 447 2675 quasi
476 2632 568 2666 male
599 2632 643 2666 de
675 2633 849 2677 religione
882 2634 1123 2669 sentientibus
1156 2633 1291 2666 crimen
1323 2631 1483 2666 inferret.
1531 2630 1672 2663 Praeter

250 2676 337 2710 haec
364 2682 400 2711 et
427 2682 523 2711 tomo
549 2689 612 2723 pro
637 2679 748 2713 veteri
782 2680 999 2722 synodorum
1032 2691 1131 2715 more
1155 2678 1375 2726 composito,
1418 2677 1570 2711 Ioannes
1606 2685 1672 2721 pa-
