1820 3164
581 93 959 139 ffls'romAmm
998 97 1052 138 11.
1089 101 1158 144 ιιο.
1500 76 1611 134 553

159 198 232 257 τῷ·
261 196 429 255 μεγάλῃ
454 197 685 256 δομεστίκῳ
714 195 1033 254 συνεδριάζοντι
1069 199 1162 242 ἐκεῖ·
1175 196 1420 256 τῷβασιλεῖ
1437 201 1651 254 προσελ-Δε
1665 198 1802 248 &1341

167 261 283 318 θεὸν,
309 260 516 316 σύντομόν
535 278 630 305 τινα
650 263 785 320 ᾐτεῖτο
808 262 883 305 καὶ
896 261 1100 319 βοήθειαν
1125 263 1199 307 καὶ
1213 261 1380 320 βουλὴν,
1402 265 1447 315 ἐξ
1472 256 1521 320 ἧς
1531 262 1643 320 τήνΒ

170 329 516 385 προσδοκωμένην
542 329 764 384 διαφυγεῖν
807 329 972 380 ἐξέσται
1006 331 1137 386 δίκην.
1203 328 1226 372 ὅ
1265 331 1312 372 δὲ
1338 327 1540 387 πρότερόν
1562 345 1613 372 ’τε

168 391 328 451 ἔφασκε
347 391 400 436 τοὶ
430 394 575 443 δέοντα
605 396 929 449 βεβουλεῦσθαι,
963 392 1080 453 αὐτῷ
1117 397 1333 452 παραινῶν
1359 398 1435 452 τῆς
1461 397 1614 452 πολλῆς
1626 404 1755 443 V.268

139 460 425 517 ὄφιλονεικίας
466 454 735 514 ἀποσχέσθαι
772 459 845 502 καὶ
883 459 1109 504 πείθεσθαι
1131 466 1218 511 τοῖς
1245 467 1446 517 μοναχοΐς
1480 461 1539 512 ὥς
1558 460 1612 505 τοὶ

165 525 345 568 τοιαῦτα
372 524 652 582 ’σοφωτέροις
659 558 674 578 ,
723 523 798 567 καί
849 526 925 569 νῦν
966 523 1092 569 οῦδὲν
1131 522 1256 584 ἧττον
1306 526 1615 582 βουλεύσεσθαι

164 591 242 634 καί
263 590 436 648 πράξειν
464 588 519 634 τὰ
543 589 789 633 συνοίσοντα
823 588 932 650 ὑπὲρ
971 588 1120 636 αὗτοῧ.
1156 593 1197 635 εἰ
1220 592 1299 650 γὰρ
1325 592 1428 648 μήτε
1450 592 1615 636 ἀντιλέ-

165 670 256 712 γειν
279 653 346 700 ἔτι
370 653 477 712 πρὸς
507 653 561 699 τά
608 655 906 713 προτεινόμενα
947 656 1035 713 ἔχει
1047 692 1061 713 ,
1098 659 1268 702 πέπεικέ
1304 673 1351 700 τε
1377 653 1532 701 ἑαυτὸν
1555 657 1615 708 αἷς

163 723 326 778 statuto-
341 720 418 767 καὶ
441 721 681 779 δικαιότερα
713 721 788 766 καὶ
809 728 897 774 τοῖς
929 724 1063 780 ἁγίοις
1093 722 1262 784 συνῳδὰ
1294 726 1546 781 φθέγγονται
1572 723 1615 768 οἱ

115 786 371 843 ιορωναχοὶ,
397 785 449 831 τί
468 788 539 829 δεῖ
557 785 635 844 τὴν
665 790 812 847 ψῆφον
831 793 920 833 κατ’
945 787 1079 833 αὐτοῦ’
1109 792 1359 847 ἐξαγομένην
1377 790 1613 846 περιμένειν

164 854 374 908 mm,
411 851 521 896 ἀλλὰ
561 852 622 917 μὴ
650 852 851 911 πρότερον
884 855 1189 910 ἐξαναστάντα,
1225 855 1300 911 τήν
1328 871 1372 898 τε
1404 857 1614 912 προτέραν

163 912 338 974 ἄγνοιαν
366 917 440 962 ἐπὶ
476 918 642 963 πάντων
679 917 893 976 ὄμολογεῖν
919 921 993 964 καὶ
1018 920 1096 978 τὴν
1119 923 1194 965 νῦν
1221 922 1443 976 ἐπίγνωσιν
1463 922 1538 977 τῆς
1560 920 1614 963 οἷ·-

160 983 364 1042 ληθείας,
400 986 584 1036 καὶτοῖς
624 1002 672 1029 τε
696 984 829 1042 ἁγίοις
873 987 1099 1031 πείθεσθαι
1143 990 1384 1032 συνθέσθαι
1425 987 1499 1030 καί
1535 984 1613 1042 τὴν

162 1047 328 1107 ἔχθραν
373 1049 594 1094 καταλύειν
639 1050 716 1108 τὴν
755 1052 862 1109 πρὸς
910 1052 1010 1105 τούς
1035 1056 1271 1110 μοναχούς,·
1299 1054 1338 1096 εἰ
1360 1051 1441 1110 γάρ
1480 1053 1652 1097 ταῦταῦ

114 1111 412 1172 ,ὅπειθόμενος
449 1117 564 1176 αὐτῷ
584 1118 769 1175 ποιήσει,
797 1113 896 1161 οὔτε
924 1119 1061 1176 βλάβη
1096 1136 1160 1170 τις
1183 1122 1333 1174 ἕψεται
1359 1121 1406 1162 ἐκ
1431 1119 1516 1162 τῶν
1543 1117 1614 1161 26-

162 1200 250 1240 γων
276 1183 454 1238 οὐδεμία
472 1217 486 1239 ,
531 1183 728 1238 βασιλεύς
756 1200 802 1226 τε
829 1185 903 1228 καί
929 1185 966 1228 οἱ
1005 1181 1124 1228 ἄλλοι
1153 1185 1304 1236 πάντες
1322 1186 1614 1228 ἐπαινέσονται

147 1251 250 1306 ,ινῆςκΙ
272 1247 375 1307 πρὸς
413 1248 468 1292 τὰ
504 1250 656 1305 βελτίω
695 1247 945 1306 μεταβολῆς.
1011 1252 1060 1294 οῦ
1098 1250 1178 1308 γὰρ
1211 1253 1409 1294 τοσοῦτον
1441 1249 1490 1292 τὸ
1534 1251 1612 1306 τῆς

163 1314 368 1372 ἀληθείας
395 1315 745 1373 ἀποπλανηθῆναι
771 1319 1017 1373 κατηγορίας
1037 1312 1176 1371 ἄξιον,
1205 1313 1304 1360 ὅσον
1325 1314 1374 1359 τὸ
1402 1314 1508 1372 πρὸς
1532 1316 1614 1358 αὖ-

161 1381 240 1437 τὴν
287 1382 531 1425 ἐπανελθεῖν
575 1386 662 1432 τοῖς
702 1379 837 1437 ἁγίοις
886 1381 1133 1436 πειθόμενον
1195 1382 1268 1425 καί
1314 1379 1529 1436 θεολόγοις
1566 1383 1613 1425 ε’-

107 1445 376 1491 Μπαινετόν.
431 1447 506 1490 καί
538 1446 576 1490 οἱ
610 1446 794 1503 μοναχοί
835 1448 883 1491 δὲ
909 1453 998 1498 τοῖς
1033 1454 1331 1502 πνευματικοῖς
1368 1445 1612 1501 πειθόμενοι

159 1511 325 1567 νόμοις,
343 1513 516 1567 μείζονα
544 1513 800 1564 ἕνδείξονται
833 1516 929 1556 νυνί
954 1512 1031 1570 τὴν
1062 1513 1208 1571 φιλίαν
1234 1511 1342 1570 πρὸς
1368 1514 1416 1555 σὲ
1443 1515 1518 1555 καί
1535 1513 1612 1568 τὴν

161 1575 502 1635 εὖγνωμοσύνην,
530 1575 559 1635 ἢ
583 1582 680 1621 καθ’
708 1575 807 1622 ὅσον
825 1578 1027 1636 πρότερον
1043 1578 1319 1623 ἐνεδείκνυντο
1339 1576 1414 1634 τήν
1438 1580 1612 1635 πικρίαν

161 1643 237 1688 καὶ
257 1643 336 1702 τήν
362 1643 548 1702 ἔχθραν,
575 1643 632 1695 ὥς
661 1644 711 1687 οὖ
740 1647 824 1688 τῶν
842 1646 901 1695 εἰς
920 1643 1073 1694 αὐτοὺς
1092 1647 1211 1688 ἕνεκα
1239 1645 1472 1698 λοιδοριῶν,
1498 1643 1607 1687 ἀλλὰ

160 1711 235 1768 τῆς
257 1713 342 1754 τῶν
369 1709 587 1767 δογμάτων
617 1708 871 1766 ἀμυνόμενοι
898 1712 1167 1768 διαστροφῆς
1196 1705 1256 1754 ὧν
1282 1712 1419 1760 καλῶς
1445 1708 1520 1753 καὶ
1545 1709 1605 1761 ὥς

105 1778 367 1836 αόπροσῆκεν
404 1776 761 1833 ἀποδεδειγμένων
802 1777 845 1820 εἰ
878 1778 952 1820 καί
977 1775 1030 1820 σύ
1068 1778 1306 1835 πεισθείης,
1345 1775 1469 1819 οὐδὲν
1513 1775 1650 1820 οὖδἸ)

109 1888 116 1898 “
159 1901 233 1938 que
254 1890 356 1936 ipse,
382 1900 458 1924 non
477 1889 708 1935 effugiturum
726 1900 782 1932 se,
804 1891 895 1938 quin
914 1890 1106 1938 loquacem
1125 1888 1418 1924 maledicentiam
1444 1894 1482 1925 et
1504 1900 1607 1924 scur-

158 1937 336 1973 rilitatem
355 1947 458 1972 suam
479 1937 620 1978 lueret,
646 1936 692 1970 ad
710 1949 880 1983 magnum
901 1937 1141 1972 domesticum
1158 1937 1370 1982 imperatori
1389 1936 1609 1971 assidentem

157 1983 360 2026 accedens,
390 1983 701 2030 compendiariam
724 1984 905 2030 quoddam
932 1985 978 2019 ab
1000 1996 1042 2019 eo
1070 1984 1247 2018 auxilium
1269 1990 1306 2018 et
1325 1984 1516 2018 consilium
1535 1982 1610 2017 fla-

158 2031 320 2078 gitabat,
357 2041 430 2078 quo
459 2031 709 2065 imminentem
740 2042 896 2076 poenam
924 2032 1105 2069 evaderet.
1154 2031 1248 2064 Tum
1281 2031 1347 2065 ille
1371 2037 1408 2065 et
1436 2036 1541 2064 antea
1568 2040 1608 2065 se

160 2083 367 2124 opportuna
389 2078 565 2118 suasisse,
595 2077 681 2111 dum
698 2089 719 2111 a
739 2078 846 2124 longa
873 2090 954 2113 eum
980 2078 1243 2125 digladiatione
1272 2077 1472 2112 deterreret
1504 2082 1542 2111 et
1561 2076 1609 2111 ad

158 2123 379 2163 credendum
407 2123 620 2166 monachis,
651 2129 778 2170 utpote
801 2126 841 2159 in
874 2125 932 2160 his
970 2125 1277 2172 sapientioribus,
1303 2124 1535 2159 hortaretur:
1570 2127 1609 2158 et

156 2183 258 2206 nune
286 2170 405 2206 nihilo
436 2171 556 2205 minus
590 2182 776 2205 suasurum
816 2171 1066 2219 facturumque
1091 2171 1188 2219 quod
1211 2172 1268 2205 illi
1292 2172 1463 2217 prodesse
1479 2171 1607 2218 possit.

158 2219 200 2254 si
221 2219 317 2258 enim
339 2229 408 2253 nec
427 2217 475 2252 ad
506 2218 615 2252 allata
639 2218 678 2252 in
708 2218 868 2253 medium
902 2219 1095 2254 refellendi
1125 2230 1231 2253 causa
1260 2218 1459 2265 quidquam
1484 2217 1606 2251 dicere

136 2264 313 2302 ‘haberet
355 2265 510 2310 amplius
565 2265 821 2311 crederetque,
870 2266 1064 2302 monachos
1108 2266 1261 2300 meliora
1301 2271 1338 2299 et
1376 2265 1529 2299 iustiora
1568 2268 1608 2298 et

156 2313 290 2348 sanetis
332 2317 577 2347 consentanea
614 2311 813 2353 disserere,
845 2313 936 2359 quid
971 2325 1061 2359 opus
1101 2318 1196 2347 esset
1228 2316 1456 2358 exspectare,
1491 2311 1608 2346 donec

157 2364 237 2394 atro
275 2359 414 2394 calculo
454 2370 492 2393 se
530 2357 694 2393 damnari
736 2358 908 2394 videret?
955 2362 1046 2407 quin
1078 2360 1201 2406 potius
1242 2363 1449 2404 exsurgeret
1501 2358 1607 2404 prio-

159 2417 311 2453 remque
348 2406 532 2440 inscitiam
577 2410 616 2439 et
659 2406 815 2451 agnitam
856 2407 1043 2441 veritatem
1090 2407 1207 2452 palam
1253 2406 1510 2446 confiteretur,
1568 2409 1608 2439 et

159 2453 293 2488 sanctia
332 2453 570 2488 assentiretur
612 2453 895 2499 inimicitiasque
934 2465 1015 2488 cum
1049 2452 1236 2488 monachis
1280 2457 1446 2499 poneret.
1493 2452 1532 2499 Si
1567 2462 1606 2485 se

155 2500 321 2542 audiret,
367 2501 492 2546 *neque
544 2498 753 2533 detrimenti
803 2499 1007 2547 quidquam
1050 2506 1283 2541 secuturum,
1331 2506 1369 2534 et
1405 2499 1605 2543 imperato·

159 2558 237 2582 rem
263 2552 474 2602 ceterosque
500 2547 770 2580 conversionem
790 2548 868 2580 eius
889 2547 1108 2582 laudaturos.
1146 2546 1228 2580 Non
1246 2546 1341 2580 enim
1363 2552 1436 2580 tam
1454 2546 1606 2591 dignum

162 2604 245 2628 esse
271 2605 429 2628 accusari
461 2593 525 2639 qui
551 2604 572 2626 a
596 2595 750 2627 veritate
773 2593 994 2629 aberraverit
1009 2620 1019 2636 ,
1045 2605 1154 2641 quam
1179 2593 1444 2635 commendari,
1469 2593 1533 2639 qui
1558 2591 1606 2626 ad

159 2651 237 2675 eam
261 2641 393 2675 sanctis
418 2640 505 2674 viris
540 2645 578 2674 et
603 2639 782 2685 theologis
807 2641 956 2676 credens
981 2641 1149 2682 redierit,
1194 2645 1230 2674 et
1255 2639 1451 2676 monachos
1476 2649 1606 2673 secun-

160 2687 247 2723 dum
259 2687 356 2733 leges
380 2688 540 2733 ipsorum
564 2686 770 2732 spirituales
787 2689 923 2723 maiore
948 2690 986 2723 in
1004 2693 1188 2735 posterum
1209 2688 1358 2723 caritate
1377 2685 1604 2734 candoreque
