1820 3164
274 78 386 136 558
800 91 1170 136 CANTActhEm

76 207 158 243 A..c.
172 208 254 254 1341
268 200 496 256 ἠνάγκασεν
525 196 550 239 ὅ
578 194 775 250 βασιλεὺς
812 192 886 236 καί
921 193 1149 248 Ῥωμαίων
1189 190 1265 237 οὔκ
1304 194 1432 251 ὄλίγοι
1459 193 1600 238 ἴσασιν
1625 190 1696 254 οὗ·
1750 244 1757 247 Α

107 266 109 268 ’
265 267 409 318 δαμαῖς
447 261 608 305 ἐλάττω
647 260 773 315 τιμήν
813 255 1082 309 ἀποδιδόντες
1117 260 1346 315 βασιλέως.
1401 255 1450 302 οὗ
1487 257 1573 315 μὴν
1599 255 1699 307 οὗδὸ

265 330 419 373 πολλοῦ
447 329 672 382 δεήσεσθαι
697 325 823 368 πόνου
854 327 925 367 καί
950 321 1146 379 ἆγώνων,
1202 325 1291 367 ἄλλ’
1325 325 1451 382 ἀρκεῖ
1477 323 1606 380 μόνον
1639 325 1700 368 εἶ-

139 409 174 445 Ρ,
188 409 258 446 333
274 399 377 446 πεῖν,
406 393 478 434 καὶ
502 391 659 440 πάντας
686 388 797 444 ἔχειν
824 389 1107 439 ὑπακούοντας
1131 388 1321 444 ἑτοιζιιως.
1375 389 1502 434 αὐτόν
1529 405 1576 433 τε
1601 387 1702 447 πρό-

264 459 384 514 τερόν
410 473 455 500 τε
482 455 597 511 παρά
627 454 763 497 πάντα
810 455 883 497 τὸν
926 455 1016 510 βίον
1057 457 1129 498 καί
1162 456 1235 497 νῦν
1273 452 1355 509 οὔχ
1390 449 1515 510 ἦττον
1539 457 1727 509 ἓτοιμονό

265 521 371 567 εἶναι
397 521 450 564 τὰ
477 524 705 564 λυσιτελεῖν
733 516 853 578 αὖτῷ
877 526 1010 563 ποιεῖν
1039 521 1260 574 δοκοῦντα,
1298 519 1349 561 οὔ
1377 520 1504 574 μόνον
1529 518 1700 577 χρημά-

263 605 348 632 των
386 588 460 630 καί
502 583 703 640 καμάτων
729 586 1016 643 οἶφειδοῦντα,
1055 583 1160 628 ἀλλὰ
1193 584 1267 628 καί
1293 582 1439 642 ψυχὴν
1471 583 1700 645 προθύμως

262 655 370 709 ὑπὲρ
395 654 477 696 τῶν
505 654 593 710 ἷδιῖἐι
622 669 663 694 τι
697 648 812 710 αὐτῷ
839 652 1121 708 διαφερόντων
1145 652 1406 708 προϊέμενον,
1427 650 1595 695 πάντων
1621 650 1701 694 αὔ-

263 721 319 776 τῷ
351 717 532 772 μάλιστα
566 712 662 760 ὄντα
690 716 921 773 ὀφειλέτην.
967 718 1130 759 πολλῶν
1162 715 1238 773 γὰρ
1269 712 1597 759 ἀπολελαυκέναι
1618 716 1700 761 τῶν

263 784 508 840 εὐεργεσιῶν
541 784 625 825 τῶν
655 784 754 839 παρ’
791 778 951 836 αὐτοῦ’,
999 782 1050 824 οὔ
1077 785 1247 837 βασιλεῖ
1286 782 1412 836 μόνον
1451 779 1524 838 τὴν
1562 779 1754 838 ἆρχὴνιο

262 851 336 892 καί
360 849 670 906 προσαγαγόντα
695 846 767 890 καὶ
790 845 1085 902 οἷκειιόσαντα,
1134 846 1240 890 ἀλλὰ
1273 849 1346 890 καί
1372 843 1549 904 ὕστερον
1577 849 1702 902 βασι-

262 917 367 964 λέως
407 914 668 970 ὠργισμένου
701 912 1062 970 παραιτησάμενον
1093 910 1220 956 αῧτὸν
1269 912 1346 956 καὶ
1383 913 1458 955 τοῦ
1489 913 1702 968 δεσμωτη-

264 980 357 1036 ρίου
391 977 705 1033 ἀπαλλάξαντα,
756 981 829 1021 καί
859 980 992 1034 μέχρι
1024 979 1099 1020 νῦν
1125 978 1185 1028 εἰς
1216 973 1316 1035 ὅπερ
1347 978 1439 1020 ἐστι’
1473 979 1618 1034 σχῆμα
1642 978 1700 1020 δι’

223 1040 397 1086 Badra&
425 1043 632 1099 ἠγμένον.
666 1044 722 1087 Ὃ
749 1046 827 1098 μὲν
851 1038 925 1086 οὖν
960 1045 1134 1086 τοιαῦτα
1161 1041 1273 1087 εἶπε.
1326 1041 1475 1100 μικρὸν
1501 1044 1550 1086 δὲ
1581 1039 1603 1085 ὅ
1625 1043 1703 1097 μέ-

260 1125 338 1165 γας
365 1111 607 1162 δομέστικος
636 1108 846 1164 ἐπισχών,
895 1108 986 1152 Οὔκ
1025 1105 1077 1152 ἄν
1112 1124 1188 1163 μοι
1224 1111 1332 1151 δοκῶ
1362 1110 1553 1161 τοιαῦτα,
1594 1105 1755 1163 eluens·

260 1175 522 1230 παραστῆναι
558 1173 656 1231 περὶ
683 1176 762 1218 σοῦ
785 1190 905 1229 ποτε,
941 1176 1041 1231 μηδ’
1056 1175 1116 1224 εἷς
1142 1176 1337 1217 τοσοῦτον
1356 1170 1471 1234 ἥκειν
1490 1175 1566 1228 ἐμὲ
1591 1189 1705 1231 φαυ-

260 1239 431 1295 λότητος
458 1236 653 1294 ἡγεῖσθαι
675 1241 866 1296 τρόπων,
902 1235 1022 1294 ὥστε,
1054 1238 1261 1294 βασιλέως
1289 1238 1354 1283 ἔτι
1383 1241 1533 1292 ζῶντος
1572 1235 1602 1296 ἢ
1634 1236 1709 1280 καὶ

260 1303 365 1360 μετὰ
405 1305 628 1360 τελευτὴν,
674 1303 704 1361 ἢ
730 1305 799 1348 σοι’
824 1305 1131 1362 πεισθήσεσθαι
1166 1302 1195 1362 ἢ
1234 1303 1362 1365 ἑτέρῳ
1407 1303 1589 1365 ὁτῳοῦν,
1632 1304 1707 1359 τῆς

260 1371 339 1423 μὲν
363 1371 423 1420 εἷς
470 1371 546 1423 ἐμὲ
578 1372 783 1423 βασιλέως
813 1371 956 1427 φιλίας
1015 1367 1043 1426 ἢ
1103 1373 1264 1424 μᾶλλον
1298 1372 1433 1427 εἰπεῖν,
1474 1367 1707 1424 συμπνοίας

262 1434 577 1489 ἀμνημονῆσαι,
631 1437 713 1477 τῶν
736 1436 824 1494 ἰδίᾳ
855 1436 902 1478 δέ
921 1453 962 1478 τι
996 1434 1094 1489 ἐμοὶ
1138 1438 1271 1491 ζητεῖν
1312 1437 1609 1492 διαφερόντων,
1650 1430 1758 1477 ἆ-αο

260 1497 494 1554 μελήσαντα
523 1501 606 1542 τῶν
635 1503 752 1557 κοινῇ
778 1506 861 1550 τοῖς
887 1503 1092 1555 βασιλέως
1125 1501 1250 1543 παισὶ
1275 1504 1347 1544 καί
1382 1499 1571 1556 βασιλίδι
1595 1516 1705 1555 συμ-

262 1563 495 1620 φερόντων.
560 1562 624 1606 διὸ
660 1564 733 1607 καί
771 1564 955 1619 μάλιστά
992 1582 1068 1609 σου
1105 1568 1417 1621 κατεγνωκέναι,
1458 1567 1500 1609 εἰ
1532 1567 1706 1613 τοιαῦτα

262 1629 474 1687 παραινῶν
510 1624 688 1686 ἤλπισας
725 1632 907 1675 πείσειν.
968 1634 1054 1675 Τοῦ
1082 1633 1123 1674 δ’
1149 1628 1276 1682 αὖθις
1311 1627 1706 1688 ἐπιχειροῦντος-’ὦς

262 1773 405 1819 saepius
441 1774 599 1807 voluerit
634 1772 804 1820 quodque
839 1774 991 1808 Romani
1026 1785 1100 1808 non
1131 1775 1236 1820 pauci
1265 1774 1411 1815 norint,
1447 1774 1610 1820 quinon
1632 1773 1704 1807 mi·-

261 1832 386 1854 norem
422 1820 456 1854 ei
501 1830 608 1866 quam
655 1820 863 1866 imperatori
910 1820 1084 1855 honorem
1123 1832 1263 1866 semper
1301 1820 1524 1855 habuissent.
1572 1819 1700 1866 Neque

261 1878 346 1901 vero
372 1867 486 1900 multo
512 1867 636 1900 labore
661 1872 699 1900 et
728 1867 925 1900 certamine
950 1879 1025 1901 rem
1048 1868 1232 1913 indigere:
1267 1867 1378 1901 verbo
1404 1872 1547 1900 tantum
1569 1866 1704 1900 volun-

262 1917 375 1947 tatem
401 1925 499 1946 suam
527 1913 707 1954 declaret,
743 1915 936 1959 statimque
985 1914 1144 1947 libenter
1185 1924 1222 1947 se
1259 1913 1477 1947 subdituros.
1527 1911 1636 1958 Quod
1655 1911 1703 1946 ad

263 1970 301 1993 se
327 1960 519 2000 attineret,
554 1964 591 1993 et
613 1965 696 1993 ante
721 1961 760 1993 in
786 1962 884 1994 omni
908 1961 982 1994 vita
1007 1965 1044 1994 et
1067 1959 1138 1994 hoc
1171 1965 1331 2005 tempore
1356 1970 1431 1993 non
1457 1959 1576 1993 minus
1600 1966 1705 2003 para-

261 2010 341 2039 tum
366 2016 442 2039 esse
468 2007 545 2039 eius
570 2006 792 2040 utilitatibus
829 2007 1023 2048 inservire,
1046 2018 1120 2040 non
1145 2005 1260 2040 solum
1295 2017 1369 2039 non
1407 2010 1616 2051 parcentem
1639 2015 1704 2049 pe-

262 2053 381 2085 cuniis
417 2057 454 2086 et
475 2053 629 2086 fortunis
654 2053 745 2096 suis3
774 2052 838 2087 sed
863 2058 900 2086 et
931 2054 1142 2098 sanguinem
1174 2051 1303 2097 cupide
1338 2063 1404 2097 pro
1439 2052 1516 2086 eius
1547 2051 1705 2086 rationi-

262 2098 331 2132 bus
355 2100 547 2132 effusurum
562 2123 571 2139 ‚
596 2111 677 2132 cum
699 2100 860 2132 omnium
886 2099 920 2133 ei
944 2100 1139 2145 plurimum
1175 2099 1324 2133 debeat:
1357 2099 1481 2132 multis
1509 2098 1605 2131 enim
1637 2097 1706 2131 be-

263 2144 403 2178 neficiis
422 2146 498 2178 eius
523 2157 645 2186 usum,
674 2145 818 2191 quando
852 2156 934 2179 eum
968 2157 1042 2179 non
1073 2145 1180 2180 modo
1217 2156 1239 2178 a
1285 2145 1463 2190 principio
1494 2144 1705 2189 imperatori

264 2191 522 2224 commendarit
544 2192 826 2238 familiaremque
866 2191 1083 2234 reddiderit,
1119 2192 1183 2227 sed
1216 2192 1324 2225 etiam
1347 2197 1473 2236 postea
1495 2191 1585 2224 iram
1605 2189 1706 2223 iilius

265 2237 313 2270 ab
338 2248 380 2271 eo
406 2237 616 2283 deprecatus
642 2240 690 2271 sit
734 2245 771 2272 et
795 2249 932 2273 carcere
955 2238 1136 2280 liberarit,
1163 2243 1199 2272 et
1228 2238 1268 2271 in
1302 2237 1397 2271 hanc
1437 2236 1705 2276 conditionem,

264 2284 306 2317 in
331 2295 401 2329 qua
424 2283 534 2318 hodie
568 2285 635 2325 sit,
659 2285 879 2330 perduxerit.
926 2285 1105 2319 Hactenus
1118 2284 1364 2330 Apocauchus.
1410 2283 1559 2328 Magnus
1579 2281 1706 2317 dome-

265 2330 376 2364 sticus
401 2331 550 2375 paulum
579 2331 688 2364 silens
703 2355 713 2372 ,
737 2330 819 2364 Non
835 2335 944 2376 puto,
968 2331 1006 2365 in
1035 2333 1114 2373 uit,
1136 2332 1223 2365 talia
1238 2331 1283 2365 de
1307 2336 1345 2366 te
1360 2329 1555 2375 aliquando
1581 2339 1706 2380 ocpur-

266 2378 356 2410 risse
376 2377 495 2410 animo
520 2387 619 2410 meo:
644 2388 711 2411 nec
734 2388 777 2411 eo
810 2389 867 2411 me
903 2379 1019 2423 impro
1048 2379 1147 2412 itatis
1170 2377 1384 2423 processisse
1403 2373 1703 2422 existimandum,

265 2427 306 2457 vt
329 2423 542 2467 imperatore
567 2423 684 2457 adhuc
716 2424 797 2458 vivo
835 2430 898 2458 aut
932 2426 1040 2458 etiam
1072 2436 1114 2458 eo
1145 2430 1309 2464 mortuo,
1332 2423 1391 2456 vel
1423 2421 1487 2455 abs
1509 2427 1546 2455 te
1581 2420 1638 2453 vel
1659 2420 1705 2454 ab

267 2467 342 2501 alio
371 2480 597 2515 quocumque
621 2469 793 2511 inducar,
818 2476 857 2505 vt
880 2472 1011 2505 amoris
1034 2472 1106 2505 mei
1125 2481 1205 2516 erga
1233 2471 1357 2510 illum,
1397 2469 1471 2503 sive
1508 2471 1550 2500 ut
1575 2466 1705 2500 melius

268 2513 406 2556 dicam,
442 2527 634 2550 consensus
665 2522 773 2563 atque
806 2519 1079 2563 conspirationis
1111 2517 1300 2551 immemor
1330 2517 1416 2556 sim,
1453 2519 1491 2548 et
1533 2513 1707 2558 neglectis

267 2572 363 2606 quae
386 2564 623 2597 communiter
648 2564 725 2596 eius
749 2562 874 2597 liberis
900 2570 937 2598 et
970 2567 1149 2610 Augustae
1196 2562 1422 2603 conducant,
1453 2558 1590 2606 privata
1622 2569 1709 2592 con-

269 2612 386 2641 secter
410 2610 617 2643 commoda:
639 2613 749 2655 teque
774 2620 933 2644 summae
965 2611 1096 2644 damno
1144 2610 1341 2650 stultitiae,
1366 2609 1401 2642 si
1433 2606 1521 2641 talia
1554 2604 1644 2639 mihi
1668 2609 1707 2638 te

267 2663 519 2698 persuasurum
543 2656 738 2703 speravisti.
785 2656 854 2691 Illo
881 2657 1000 2693 denuo
1016 2656 1231 2692 sententiam
1244 2666 1343 2690 suam
1374 2659 1416 2690 ut
1428 2653 1556 2688 utilem
1575 2660 1706 2697 urgen-
