1852 3146
350 120 461 187 254
879 134 1246 180 cmacnznm

154 245 333 293 Astu-327
346 234 572 292 ἅπολιπεῖν,
599 231 692 279 ἄλλ’
719 233 875 286 αύτούς
903 235 1010 294 πρὸς
1034 236 1271 289 Βυζάντιον
1297 235 1508 290 ἐλθόντας,
1535 239 1592 281 δι’
1617 228 1780 283 ἑαυτῶν
1827 262 1837 266 ·-

306 303 422 359 Βτὴν
447 300 612 359 εἰρήνην
639 302 795 344 αἰτεῖν.
823 297 902 344 κᾶν
927 302 1007 355 μὲν
1035 303 1295 354 αἰδεσθέντες
1321 303 1585 346 καταλύσωσι
1610 301 1680 348 τόν
1704 303 1782 347 πό-

343 371 488 422 λεμον,
515 365 561 409 τὸ
590 363 838 422 ζητούμενον
863 365 1061 422 ἤνῢσθαι·
1090 365 1165 411 ἐὰν
1192 368 1239 410 δὲ
1264 366 1339 424 μή,
1366 365 1468 411 θεὸν
1494 370 1783 427 ἐπιμαρτυρα-

343 435 498 487 μένους
514 429 586 474 καί
604 428 757 479 αὖτοὺς
771 429 1045 486 Βυζαντίους,
1072 428 1129 481 ῶς
1149 431 1276 474 παντὶ
1287 431 1424 491 τρόπῳ
1441 431 1518 489 τὴν
1534 433 1700 491 εἰρήνην
1717 435 1784 476 αἰ-

344 499 513 547 τοῦντες
535 492 810 539 ἀπωθοῦνται
829 495 903 538 ὑπ’
919 496 1071 550 αὐτῶν,
1091 492 1338 554 ἀναχωρεῖν.
1366 495 1388 539 ὅ
1410 499 1548 552 μέντοι
1565 501 1696 554 μέγας
1711 500 1809 548 διν-5

342 562 533 616 μέοτικος
549 559 678 618 ,,πρὸς
686 562 765 614 μὲν
782 559 1046 613 Βυζάντιον”
1061 558 1174 604 εἶπεν
1182 559 1486 619 ,,ἐλευσόμεθα,
1498 564 1682 620 καθάπερ
1694 565 1784 607 ἐκέ-

342 631 516 681 λευσας,
547 629 734 682 βασιλεῦ·
759 625 870 669 πάνυ
890 628 938 669 δὲ
965 625 1190 680 θαυμάζω,
1218 625 1284 670 ὅτι
1304 630 1489 672 τοσαῦτα
1517 630 1592 673 καί
1607 632 1785 674 τοιαῦτα

342 691 448 749 πρὸς
477 691 522 735 τὸ
541 691 601 749 μή
624 692 913 747 καταλυθῆναι
929 691 1005 748 τήν
1025 691 1190 749 εἰρήνην
1210 697 1645 750 πραγματευσαμένων
1663 696 1784 752 ἡμῶν

343 756 417 799 καί
441 759 564 800 πλέον
590 755 798 813 ήνυκότων
822 757 969 813 μηδὲν,
996 756 1072 812 τήν
1099 759 1210 799 αἰδῶ
1233 753 1411 813 ἤλπισας
1426 758 1559 815 μόνην
1576 762 1702 802 τοῦτο
1731 755 1785 804 ἄν

343 837 443 864 ποτε
471 823 726 878 δυνηθῆναι.
752 820 972 879 συγγνώμη
1001 824 1042 864 δ’
1070 819 1180 876 ὅμως
1208 824 1284 866 τοῦ
1310 821 1458 878 λόγου,
1483 830 1569 876 τοῖς
1590 823 1674 868 ὕπὸ
1702 843 1836 871 πυ-ιο

217 901 257 939 Ρ,
273 889 470 943 157ρετοῧ
498 886 659 944 λαύρου
685 889 975 942 κατεχομένοις
1003 885 1209 942 πάσχοντι
1234 884 1411 931 ταῦτόν.
1459 890 1612 932 ἐκεῖνοί
1631 905 1676 934 τε
1699 889 1780 947 γὰρ

348 948 419 994 oisc*
444 951 594 1009 κρήνας
633 954 766 995 διῖασι
802 954 875 996 καί
908 951 1122 1006 ποταμούς
1149 955 1205 1011 τῷ
1244 955 1302 1012 νῷ
1327 956 1400 997 καὶ
1423 952 1784 1013 πάνταχρήματα

339 1014 457 1074 ὕδωρ
479 1017 728 1072 ιῖναβλύζειν
755 1018 900 1068 αύτοῖς
925 1013 1090 1068 ἀξιοῦσι
1105 1020 1178 1062 καὶ
1201 1017 1525 1076 δυσχεραίνουσι
1549 1021 1699 1063 τούτου
1717 1020 1779 1077 μή

337 1084 578 1137 γινομένου,
605 1083 742 1125 καίτοι
767 1096 813 1138 γε
840 1084 994 1134 εἰδότες
1018 1086 1178 1141 σαφῶς,
1207 1083 1264 1134 ῶς
1292 1085 1482 1127 οἷδύνατα
1508 1085 1685 1138 α’ξιοῦσι·
1711 1087 1785 1129 καί

339 1147 411 1190 σοί
434 1148 509 1202 τῆς
533 1147 699 1203 εἰρήνης
725 1146 893 1205 σφόδρα
923 1150 1130 1205 περικαῶς
1159 1150 1356 1208 ἐχομένῳ,
1385 1146 1508 1193 ούδὲν
1533 1149 1836 1206 θαυμαστόνιό

338 1210 412 1254 καί
434 1210 485 1254 τοὶ
513 1211 649 1267 πάντη
677 1208 880 1268 ἀνέφικτα
904 1211 1099 1269 ἡγεῖσθαι
1126 1213 1298 1268 δυνατὰ,
1327 1214 1400 1257 καί
1423 1217 1469 1267 ἐξ
1495 1211 1688 1274 ἀπόρων,
1729 1213 1777 1259 τὸ

337 1275 567 1332 λεγόμενον,
595 1275 752 1333 πόρους
776 1279 978 1322 ἐπινοεῖν.
1006 1277 1086 1333 ἐγώ
1111 1281 1158 1322 δὲ
1184 1275 1331 1330 οἷ’λλοις
1357 1296 1403 1323 τε
1429 1285 1596 1332 πολλοῖς
1621 1282 1783 1338 α’πηγό-

341 1358 471 1396 ρευκα
497 1340 572 1398 τήν
598 1341 766 1399 εἰρήνην
792 1344 866 1386 καί
894 1346 951 1400 τῷ
977 1345 1051 1387 έπί
1084 1345 1306 1395 τοσαύταις
1343 1343 1518 1404 ἡμέραις
1552 1348 1685 1403 μηδὲν
1710 1346 1779 1391 τὸν

337 1406 604 1463 πατριάρχην
629 1409 699 1450 σοι’
718 1411 1012 1464 μεμηνυκέναι.
1031 1406 1119 1453 ἔστι
1139 1412 1219 1464 μὲν
1243 1410 1324 1468 γὰρ
1349 1411 1538 1454 ὑπονοεῖν
1563 1409 1633 1454 διὰ
1645 1409 1690 1454 τό
1703 1411 1781 1462 τὰς

307 1472 419 1527 Βτῆς
436 1470 604 1522 ,πόλεως
630 1470 765 1522 πύλας
788 1469 990 1529 ἀσφαλῶς
1017 1478 1322 1531 φρουρεῖσθαι,
1354 1479 1458 1532 μηδ’
1486 1477 1602 1535 αὐτῷ
1628 1479 1835 1527 ἐξεῖναίαο

339 1552 431 1578 τινα
457 1539 623 1591 πέμψαι
649 1536 756 1593 πρὸς
780 1538 916 1592 ἡμᾶς·
942 1538 1039 1592 ἐμοὶ
1063 1541 1111 1581 δὲ
1138 1541 1256 1582 δοκεῖ
1277 1542 1328 1585 οὔ
1357 1540 1429 1583 διὰ
1466 1543 1586 1583 τοῦτο
1623 1544 1781 1594 μᾶλλον

339 1594 368 1656 ἢ
403 1599 474 1642 διὰ
514 1599 561 1642 τὸ
591 1598 650 1656 μὴ
678 1604 815 1644 κακῶν
842 1598 1013 1657 ἄγγελος
1038 1605 1230 1657 γενέσθαι
1272 1601 1550 1648 ἀσπάσασθαι
1578 1605 1653 1662 τὴν
1679 1623 1781 1649 σιω-

340 1663 465 1721 πήν.”
491 1664 531 1708 οἱ
556 1666 634 1718 μὲν
661 1659 738 1708 οὖν
764 1668 939 1709 τοιαῦτα
970 1666 1076 1724 πρὸς
1104 1665 1309 1724 ἀλλήλους
1334 1668 1625 1724 βουλευόμενοι
1650 1667 1782 1715 εἷπον.

437 1770 489 1794 ιο.
516 1758 685 1802 Excidit,
713 1762 754 1795 ni
782 1761 910 1804 fallor,
934 1764 998 1797 σοὶ
1020 1768 1104 1808 post
1125 1763 1250 1810 λόγου.

341 1842 507 1878 funditus
541 1842 800 1886 amiciendam,
835 1845 898 1879 sed
931 1845 1002 1890 ipsi
1032 1845 1243 1890 Byzantium
1275 1848 1454 1893 profecti,
1486 1860 1564 1884 eam
1598 1855 1774 1896 peterent.

341 1890 395 1924 Ac
418 1889 599 1936 siquidem
625 1901 686 1924 eos
711 1891 856 1925 reveriti
879 1891 1074 1925 adversarii
1102 1893 1147 1926 ab
1171 1893 1276 1927 armis
1313 1895 1560 1938 discederent,
1592 1898 1778 1932 inventum

344 1947 424 1970 esse
450 1936 547 1982 quod
572 1937 834 1981 quaerebatur:
858 1939 914 1971 sin
939 1940 1071 1980 minus,
1096 1941 1220 1973 testati
1243 1940 1360 1974 Deum
1385 1943 1554 1988 ipsosque
1577 1943 1778 1987 Byzantios,

344 1993 384 2016 se
402 1983 507 2015 enixe
532 1993 655 2027 pacem
679 1989 886 2028 poscentes,
909 1984 953 2017 ab
980 1985 1067 2029 ipsis
1092 1984 1269 2030 repulsam
1293 1989 1442 2031 tulisse,
1465 1989 1684 2024 recederent·
1709 1990 1779 2024 Hic

342 2038 491 2073 magnus
515 2028 748 2064 domesticus:
785 2032 995 2074 Byzantium
1021 2032 1195 2077 quidem,
1219 2034 1437 2078 imperator,
1463 2035 1617 2077 ibimus,
1639 2042 1692 2070 .ut
1715 2036 1776 2070 iu-

342 2073 434 2108 bes:
459 2075 568 2108 miror
591 2081 710 2109 autem
735 2087 968 2122 summopere,
993 2089 1072 2111 cum
1095 2083 1152 2112 tot
1174 2084 1210 2112 et
1231 2085 1333 2113 tanta
1354 2083 1451 2126 pacis
1475 2082 1630 2116 tuendae
1655 2084 1778 2117 conati

343 2121 457 2154 simus
481 2120 646 2167 nihilque
670 2124 972 2167 promoverimus,
1007 2124 1096 2169 quid
1118 2126 1169 2158 ita
1199 2130 1239 2159 tu
1264 2127 1436 2169 pudorem
1471 2133 1509 2162 et
1541 2130 1777 2163 reverentiam

345 2167 461 2200 solam
485 2167 555 2200 hoc
569 2167 639 2200 tibi
656 2169 897 2202 confecturam
918 2181 1048 2215 speres.
1076 2171 1224 2216 Ignosco
1243 2170 1330 2206 huic
1353 2175 1508 2208 sermoni
1527 2179 1605 2216 tuo,
1630 2174 1776 2222 quando

345 2211 444 2246 idem
462 2213 533 2246 tibi
554 2213 708 2255 accidit,
733 2215 831 2260 quod
851 2215 1100 2250 ardentissima
1126 2217 1220 2251 febri
1246 2221 1417 2265 correptis
1447 2221 1549 2254 solet.
1598 2220 1658 2254 Illi
1681 2221 1778 2255 enim

344 2262 522 2305 perpetuo
541 2259 659 2293 fontes
681 2265 718 2294 et
732 2262 879 2295 flumina
901 2264 1143 2304 somniantes,
1167 2264 1305 2299 vellent
1323 2269 1445 2300 omnia
1465 2266 1539 2311 sibi
1563 2278 1674 2312 aquas
1700 2278 1778 2301 sca-

345 2306 482 2349 turire3
524 2310 561 2338 et
584 2304 654 2339 hoc
683 2318 759 2341 non
795 2308 897 2349 fieri,
932 2309 1083 2343 moleste
1111 2311 1323 2354 patiuntur,
1353 2313 1497 2346 tametsi
1521 2318 1618 2346 certo
1642 2312 1776 2355 norint,

346 2361 479 2396 cupere
495 2362 533 2384 sc
551 2362 643 2396 quae
666 2353 745 2387 fieri
767 2359 959 2400 nequeant.
1008 2356 1067 2389 Sic
1085 2356 1156 2389 tihi
1181 2361 1254 2390 tam
1277 2358 1381 2392 valde
1411 2359 1669 2404 desperateque
1694 2369 1777 2392 cum

345 2408 436 2443 pace
457 2397 700 2440 conflictanti,
725 2399 821 2434 nihil
850 2402 996 2442 mirum,
1022 2403 1075 2443 si,
1100 2401 1146 2435 ad
1170 2413 1262 2448 quae
1284 2405 1441 2450 pertingi
1461 2416 1605 2450 prorsus
1633 2405 1778 2449 nequit,

346 2442 395 2477 ad
426 2454 467 2477 ea
498 2445 679 2488 perveniri
709 2457 816 2490 posse
848 2448 1049 2489 existimas,
1076 2452 1115 2481 et
1139 2449 1234 2482 viam
1266 2460 1330 2494 per
1358 2450 1474 2493 invia,
1507 2450 1604 2496 quod
1629 2450 1780 2493 dicitur,

346 2490 537 2535 excogitas.
590 2490 768 2535 Equidem
793 2503 871 2525 cum
898 2493 945 2527 ob
977 2494 1066 2527 alias
1096 2505 1214 2528 causas
1240 2505 1364 2539 pacem
1391 2497 1431 2530 in
1462 2495 1612 2540 perditis
1638 2495 1777 2538 habeo,

344 2541 426 2570 tum
450 2534 547 2581 quod
562 2536 676 2580 spatio
700 2542 756 2570 tot
774 2537 913 2573 dierum
941 2539 1035 2573 nihil
1052 2539 1122 2573 tibi
1144 2551 1164 2573 a
1185 2541 1385 2586 patriarcha
1403 2541 1638 2586 significatum
1657 2542 1776 2580 video.

347 2581 530 2627 Suspicari
559 2581 705 2628 quidem
733 2584 835 2625 licet,
874 2585 1042 2630 quoniam
1065 2591 1189 2631 portae
1216 2587 1315 2620 urhis
1353 2586 1478 2620 sedulo
1505 2587 1775 2630 custodiuntur,

350 2638 420 2662 nec
442 2627 514 2673 ipsi
554 2638 781 2671 concessum,
808 2641 1012 2676 quenquam
1038 2632 1130 2665 foras
1158 2632 1204 2666 ad
1226 2643 1291 2666 nos
1313 2633 1572 2676 transmittere3
1597 2640 1774 2667 verumta-

346 2684 432 2708 men
460 2672 636 2717 arbitror,
678 2686 761 2709 eum
787 2687 861 2710 non
890 2678 1002 2722 magis
1032 2677 1079 2721 ob
1113 2676 1183 2711 hoc
1212 2678 1338 2719 silere,
1371 2690 1477 2726 quam
1518 2689 1565 2713 ne
1601 2680 1775 2717 malorum

347 2719 498 2756 nuntius
520 2719 592 2755 fiat.
640 2719 828 2758 Sermones
849 2723 1128 2759 consultantium
1149 2721 1190 2758 hi
1210 2728 1322 2760 erant.
1751 2735 1754 2740 ⁴
