1832 3132
336 130 444 185 290
816 103 1200 165 'cmscnznm

138 237 226 274 A.c.
241 226 594 284 1328n986fiv159q)
615 225 786 277 βασιλεῖ
805 219 1051 277 ἆπὴγγελλεν
1087 220 1223 264 ἐλθών
1248 216 1328 263 ὅσα
1352 216 1406 276 ἦν
1431 222 1545 276 παρὰ
1564 221 1754 264 τοῦνὲου

331 289 675 346 προστεταγμένος
699 287 913 340 βασιλέως.
942 284 1064 343 ‹illyri›
1091 286 1138 327 δὲ
1162 282 1334 341 ὕστερον
1352 283 1602 338 ἐπανελθών,
1629 284 1757 341 οἷπήγ.

331 359 444 410 γελλε
463 355 520 409 τῷ
540 353 615 409 νέῳ
639 354 814 405 βασιλεῖ’,
837 347 899 391 ὅτι
929 349 1127 403 βασιλεύς
1151 350 1306 391 κελεύει
1330 352 1410 392 τῶν
1424 352 1520 407 τῇδε
1545 346 1640 392 ὅποι
1655 349 1757 404 βού-

327 423 436 460 λοιτο
472 413 704 471 ἀποχωρεῖν
742 413 814 456 καὶ
857 411 916 469 μή
957 409 1213 468 κατατριζθειν
1247 411 1318 455 τὸν
1360 412 1503 469 καιρὸν
1560 414 1645 469 εἰκῆ
1684 412 1757 455 καὶ

290 480 470 537 Βμάτην,
497 483 698 534 μέλλοντα
722 476 842 521 οὖὸὲν
872 478 1012 521 ἀνύειν
1032 473 1088 521 ὧν
1107 479 1355 520 διανοεῖται.
1393 479 1591 535 ἐρομένου
1615 480 1662 521 δὲ
1678 477 1782 521 τοῦ5

328 549 423 589 νέου
460 547 682 600 βασιλέως,
726 546 765 586 εἰ
802 545 932 599 μηδὲν
966 544 1082 599 αύτῷ
1116 544 1239 584 πλέον
1275 543 1515 598 προστάξειε
1544 541 1756 600 βασιλεύς,

328 608 504 666 ,,ούὸὲν”
533 607 644 652 εἶπεν
671 605 693 650 ὅ
713 606 930 658 Πεπανὸς.
954 608 1164 660 ,,ου’κοῦν”
1186 605 1266 663 ἔφη
1293 604 1368 660 ,,τὸ
1394 609 1601 661 βασιλέως
1625 605 1757 664 πρόσ-

328 692 464 730 ταγμα
504 676 694 730 πληρῶν,
721 670 816 714 ὅποι
844 668 895 714 ἂν
926 671 948 713 ὅ
972 670 1072 721 θεὸς
1096 672 1232 727 ἡγοῖτο
1261 672 1533 725 βαδιοῦμαι.”
1558 670 1632 714 καὶ
1655 669 1758 714 ἄνα-

329 740 470 792 ζεύξας
501 740 679 793 ἐκεῖθεν,
726 740 770 781 ἒν
803 743 889 788 τοῖς
917 738 1089 791 λειμῶσι
1121 742 1208 786 τοῖς
1229 734 1344 792 παρὰ
1369 734 1442 792 τῆν
1465 739 1654 793 γέφυραν
1684 738 1758 795 τῆς

328 804 534 859 Καμήλου
564 800 759 859 ηὗλίσατο
793 800 870 857 τὴν
903 803 1055 855 νύκτα,
1097 800 1168 843 καί
1197 803 1239 850 ἐς
1262 799 1336 856 τήν
1370 801 1605 856 ὑστεραίαν*
1631 801 1810 844 πάλινιο

327 868 440 927 παρὰ
470 867 544 919 τὰς
570 866 698 919 αύτὰς
724 869 854 916 πύλας
881 866 1042 920 ἐλθών,
1072 868 1200 909 ἐδεῖτο
1226 862 1429 920 βασιλέως
1450 867 1758 923 προσδέξασθαι

326 933 401 990 την
434 933 597 989 εἰρήνην
632 931 705 975 καί
731 930 798 974 τὸν
830 932 1006 985 πόλεμον
1028 933 1279 973 καταλῦσαι.
1323 928 1380 980 ὥς
1405 933 1446 973 δ’
1466 929 1662 987 ἐσήκουον
1682 931 1758 973 ού-

328 998 424 1051 ὃείς,
447 999 713 1054 ἀναστρέψας
735 992 885 1052 ἤλαυνε
909 995 1012 1052 πρὸς
1033 995 1102 1038 τὸν
1113 998 1292 1038 Μέλανα
1310 996 1505 1049 ποταμὸν,
1519 995 1623 1038 ἔνθα
1642 1011 1757 1051 πρω-

326 1062 564 1119 τοστράτωρ
584 1059 635 1118 ἦν
645 1061 749 1116 μετὰ
772 1063 844 1116 τῆς
865 1059 1090 1103 ὑπολοίπου
1113 1062 1308 1116 στρατιᾶς
1327 1062 1758 1116 ἐστρατοπεδευμένος.

298 1133 325 1166 C
332 1126 528 1182 βασιλεύς
548 1129 626 1180 μὲν
653 1120 725 1169 οὖν
746 1120 810 1183 ᾔει
835 1125 1056 1181 ἡγούμενος
1074 1127 1145 1180 τῆς
1161 1127 1370 1180 στρατιᾶς,
1398 1121 1420 1167 ὃ
1437 1127 1567 1179 μέγας
1591 1125 1638 1167 δὲ
1657 1125 1810 1172 ἐἷπε-15

326 1192 485 1235 λείπει-ο
513 1192 751 1245 ὃομέστικος
775 1190 923 1247 χρείας
959 1189 1067 1240 τινὸς
1093 1192 1210 1232 ἕνεκα
1245 1186 1400 1232 ὀπίσω.
1443 1187 1686 1247 προσελθών
1710 1192 1757 1233 δὲ

327 1254 440 1314 αύτῷ
463 1273 526 1307 τις
549 1258 593 1299 ἒν
619 1254 821 1308 ἐνδύμασι
847 1252 1113 1312 διεῤῥωγόσιν
1136 1252 1203 1298 οἶα
1227 1252 1279 1297 τοὶ
1312 1257 1396 1297 τῶν
1423 1253 1630 1310 πενήτων,
1657 1254 1758 1311 κρύ-

328 1338 390 1377 φα
416 1339 456 1363 τι
476 1319 611 1376 ἔλεγεν
641 1318 751 1373 ἔχειν
775 1316 889 1377 αύτῷ
918 1321 1216 1375 διαλεχθῆναι.
1256 1314 1474 1374 προελθών
1506 1321 1552 1362 δὲ
1576 1321 1645 1375 ἐφ’
1666 1318 1758 1361 ἱκα-

327 1385 398 1428 νὸν
425 1381 519 1427 ὅσον
546 1383 604 1440 μὴ
632 1383 817 1440 ὁρᾶσθαι
850 1381 931 1426 ἀπὸ
954 1386 1038 1427 τῶν
1059 1386 1223 1438 τειχῶν,
1251 1386 1435 1427 ἐκέλευεν
1463 1379 1498 1437 ὅ,
1511 1401 1550 1426 τι
1568 1379 1637 1441 >ἂν
1656 1382 1758 1438 βού-

327 1455 439 1492 λοιτο
463 1448 661 1506 φράζειν.
691 1449 712 1491 ὅ
739 1451 785 1491 δὲ
807 1449 877 1491 καὶ
905 1447 1046 1505 ἕτερόν
1069 1466 1162 1492 τινα
1181 1448 1562 1506 προσκαλεσάμενος
1578 1447 1646 1491 τὸν
1666 1461 1808 1491 unt-20

326 1517 532 1557 νωνοῦντα
564 1511 693 1573 αύτῷ·
725 1516 806 1556 τῶν
854 1512 1172 1568 βουλευμάτων,
1231 1511 1398 1565 οὐδενὸς
1430 1515 1571 1564 αὐτοῖς
1610 1510 1754 1569 ἑτέρου

309 1578 626 1635 ·συμπαρόντος,
656 1580 771 1635 φίλοι
790 1580 868 1631 μὲν
890 1577 1052 1634 ἔφασαν
1079 1575 1201 1621 mirol
1221 1579 1265 1629 ἐς
1281 1578 1334 1620 τοὶ
1358 1578 1537 1632 μάλιστα
1565 1579 1756 1634 ἀλλήλοις

325 1639 431 1684 εἶναι
455 1638 500 1684 ἐκ
524 1645 708 1683 παλαιοῦ
730 1641 802 1683 καί
819 1642 892 1691 τὰς
916 1642 1091 1697 οἰκήσεις
1110 1642 1221 1696 ἔχειν
1247 1641 1529 1697 γειτονούσας·
1574 1643 1754 1699 ὁρῶντες

327 1708 373 1747 δὲ
395 1703 474 1748 ὅσα
497 1707 700 1747 ἀδικεῖται
727 1708 799 1747 καί
823 1702 1095 1748 ἀπελαύνεται
1118 1707 1144 1747 ὅ
1170 1708 1259 1755 νέος
1279 1706 1478 1760 βασιλεύς
1498 1708 1569 1749 ἐπὶ
1589 1703 1756 1763 προφά-

292 1780 399 1812 Dua
421 1767 613 1827 οὐδεμιᾷ,
653 1770 789 1824 α’λγεῖν
816 1785 861 1812 τε
883 1770 1022 1812 οὐκέτι
1041 1770 1219 1819 ἀνεκτῶς
1240 1771 1313 1812 καί
1330 1773 1665 1827 προθυμεῖσθαι,
1703 1767 1807 1814 ἂν25

327 1886 432 1920 missa
455 1887 660 1919 nuntiatum
683 1885 783 1918 vadit
807 1893 988 1930 parvoque
1012 1885 1202 1920 intervallo
1226 1896 1409 1926 reversus,
1431 1886 1565 1928 refers,
1586 1885 1755 1921 mandare

329 1943 443 1972 avum,
470 1933 524 1964 uti
547 1932 633 1965 hinc
657 1942 728 1977 quo
755 1930 878 1964 lubeat
901 1941 938 1964 se
963 1931 1111 1972 auferat,
1134 1943 1224 1966 neve
1247 1933 1422 1973 incassum
1447 1943 1488 1965 ae
1510 1933 1642 1966 frustra
1663 1937 1756 1966 tem-

328 1989 396 2022 pus
423 1982 526 2018 terat,
551 1989 630 2010 cum
655 1976 751 2010 nihil
775 1986 908 2016 eorum,
933 1988 1025 2022 quae
1052 1979 1221 2020 somniet,
1237 1983 1489 2012 consecuturus
1509 1978 1566 2012 sit.
1597 1979 1754 2024 Rogante

330 2023 395 2056 illo
410 2047 419 2063 ‚
459 2023 643 2069 Numquid
671 2021 798 2056 aliud?
825 2021 952 2063 Nihil,
976 2024 1027 2056 ait
1050 2024 1221 2068 Pepanus.
1279 2025 1370 2069 Ergo
1395 2025 1618 2069 imperatoris
1643 2026 1752 2058 iussi—

329 2069 397 2102 bus
421 2069 573 2112 parebo,
617 2069 668 2101 ait
684 2093 693 2109 ,
722 2073 759 2100 et
783 2079 853 2113 quo
877 2079 933 2100 me
958 2068 1101 2102 duxerit
1123 2070 1219 2104 Deus
1247 2070 1320 2103 ibo.
1369 2070 1458 2103 Inde
1488 2081 1664 2116 regressus
1679 2095 1688 2112 ‚
1713 2071 1753 2104 in

330 2115 441 2160 pratis
467 2115 564 2147 iuxta
588 2119 736 2158 pontem
759 2114 895 2147 Cameli
918 2116 1151 2158 pernoctavit.
1199 2115 1377 2150 Postridie
1401 2115 1445 2149 ad
1469 2117 1611 2151 easdem
1660 2122 1752 2150 ortas

331 2159 474 2193 rediens
490 2185 499 2199 ,
524 2166 622 2201 orat,
649 2160 703 2192 uti
731 2170 819 2203 pace
843 2159 979 2192 bellum
1003 2166 1211 2195 mutaretur.
1259 2162 1340 2195 Non
1368 2162 1576 2203 exauditus,
1602 2174 1622 2195 a
1673 2163 1752 2196 Me-

331 2207 452 2238 lanem
475 2206 608 2239 flumen
631 2206 835 2245 retrocedit,
859 2206 924 2238 ubi
949 2212 1184 2250 protostrator
1207 2219 1286 2240 cum
1309 2213 1427 2240 cetera
1450 2212 1551 2251 parte
1575 2209 1751 2242 exereitus

336 2256 449 2284 castra
485 2252 619 2285 fixerat.
678 2252 760 2284 Ibat
793 2252 901 2295 igitur
934 2253 1131 2297 imperator
1157 2253 1289 2286 ducens
1316 2254 1478 2287 militem.
1526 2254 1751 2287 Domesticus

332 2297 454 2330 nescio
480 2309 550 2339 quo
580 2298 724 2341 negotio
749 2298 992 2342 praepeditus,
1016 2299 1241 2344 sequebatur.
1287 2299 1342 2333 Ad
1368 2310 1473 2345 quem
1497 2299 1666 2333 accedens
1684 2299 1752 2333 ho-

330 2355 389 2377 mo
414 2347 511 2375 veste
536 2343 662 2383 lacera,
685 2349 727 2376 ut
749 2354 884 2387 pauper
899 2369 909 2385 ‚
937 2343 1067 2378 habere
1095 2356 1132 2378 se
1156 2346 1207 2378 ait
1236 2344 1334 2390 quod
1356 2346 1445 2378 clam
1474 2345 1619 2378 diceret.
1665 2346 1750 2379 Pro—

332 2400 468 2433 gressus
496 2390 605 2433 igitur
630 2400 650 2421 a
680 2389 869 2422 moenibus
894 2394 991 2423 tanto
1017 2392 1148 2434 spatio,
1173 2396 1345 2436 quantum
1379 2391 1474 2424 oculi
1499 2391 1652 2435 amplius
1675 2402 1750 2426 non

333 2436 482 2474 ferrent,
507 2435 647 2467 edicere
671 2435 878 2477 mysterium
902 2437 1015 2468 iussit.
1063 2437 1127 2469 Ille
1157 2437 1266 2470 alium
1290 2436 1468 2481 quendam
1493 2436 1636 2470 consilii
1665 2448 1750 2481 par-

333 2482 480 2524 ticipem
508 2480 664 2513 advocat.
714 2481 806 2513 Tum
830 2482 974 2524 insuper
997 2483 1138 2516 nemine
1163 2487 1360 2526 praesente,
1381 2482 1583 2526 incipiunt,
1608 2483 1653 2516 Se
1679 2483 1750 2515 iam

335 2526 423 2559 olim
450 2527 544 2559 inter
575 2538 611 2559 se
632 2537 746 2559 amare
762 2551 770 2567 ‚
796 2532 838 2560 ut
860 2529 922 2571 qui
952 2529 1117 2569 maxime,
1143 2534 1179 2561 et
1202 2529 1377 2573 contiguis
1400 2527 1562 2562 habitare
1585 2528 1624 2560 in
1647 2528 1750 2561 aedi-

334 2571 416 2605 bus.
464 2572 657 2605 Cernentes
682 2577 816 2612 autem,
838 2584 944 2617 quam
970 2574 1095 2620 inique
1119 2575 1296 2607 immerito
1322 2585 1386 2607 suo
1415 2573 1610 2607 haberetur
1631 2574 1748 2618 pelle-

334 2624 504 2662 returque
523 2619 642 2651 iunior
658 2618 861 2662 imperator,
890 2619 1011 2652 dolere
1035 2619 1298 2653 incredibiliter
1321 2624 1359 2653 et
1382 2619 1425 2653 ad
1452 2631 1557 2664 opem
1580 2620 1632 2652 sic
1654 2619 1748 2653 affli-

337 2669 393 2697 cto
417 2675 481 2709 pro
505 2664 640 2700 viribus
678 2663 862 2699 ferendam
913 2665 944 2698 si
975 2665 1102 2708 liceat,
1132 2672 1269 2711 paratos
1302 2676 1398 2700 esse:
1431 2666 1674 2711 potissimum,
1705 2676 1749 2698 ex
