1832 3138
304 157 407 221 180
824 167 1199 215 cAN'rAcUzEm

95 278 134 311 A.
145 278 183 312 C.
202 279 410 328 ιδυσχεῖν
426 271 610 327 χαλκέα,
635 270 676 311 εἶ
692 267 784 326 ἐνόν
811 270 891 311 τοῦ
920 272 1296 326 πεπυρακτωμένον
1319 272 1371 328 τῇ
1387 270 1582 331 πυράγρᾳ
1605 267 1732 315 ἅπτε-

287 343 395 382 σθαι
418 336 612 391 σιδήρου,
656 334 679 376 ὗ
705 335 753 385 «55
772 331 870 376 οἷντί
899 335 1054 390 ταύτης
1082 337 1133 391 τῇ
1165 335 1281 391 χειρί
1302 338 1467 393 χρῷτο·
1521 337 1652 380 αὐτόν
1682 352 1731 379 τε

285 403 444 458 γέλωτα
467 399 597 442 πολὺν
623 396 846 456 ὀφλήσειν,
885 402 926 442 εἰ
945 398 1003 455 μὴ
1027 402 1078 456 τῇ
1104 402 1278 458 στρατιᾷ
1301 403 1430 459 πολλῇ
1455 417 1500 444 τε
1531 404 1604 445 καί
1626 403 1730 458 ἄγα-

246 470 346 524 Βθῇ
374 462 502 524 οὔσῃ,
543 463 647 507 ἀλλὰ
673 466 728 522 τῷ
758 466 848 523 ἰδίῳ
872 465 1037 518 σώματι
1064 465 1381 507 διακινδυνεύοι·
1410 465 1476 508 διὸ
1497 464 1596 509 οῦδὲ
1620 468 1730 524 πρά-

286 536 368 583 ξειν
388 530 415 573 ἂ
436 535 699 587 προκαλεῖται
718 536 818 585 παρ’
839 526 983 572 αὐτοῦ.
1011 527 1139 572 αὕτὸν
1164 531 1209 572 δὲ
1231 532 1289 588 τῷ
1306 531 1606 587 ὑπερβάλλοντι
1623 530 1755 589 πρὸςό

283 598 458 638 τοιαῦτα
480 594 704 649 ἐξάγεσθαι
728 596 804 636 τοῦ
822 596 1086 648 θυμοῦσθαι·
1113 593 1219 647 μετὰ
1239 594 1392 651 μικρὸν
1416 597 1462 639 δὲ
1485 596 1629 653 φιλίας
1647 598 1728 639 αὖ-

282 667 368 711 τοῖς
401 661 674 716 γενησομένης
705 660 911 715 ἰσχυρᾶς,
950 655 1040 712 ἅμα
1077 658 1266 714 ἀλλήλοις
1301 657 1458 716 ἑτέροις
1488 663 1727 716 μαχοῦνται

280 725 521 778 πολεμίοις.
585 726 763 766 τοιαῦτα
793 721 1122 780 ἀποκρινάμενος
1153 723 1177 765 ὅ
1211 723 1417 779 Μιχαὴλ,
1461 726 1726 778 ἐπανέζευξεν

279 793 338 841 εἰς
361 790 562 833 Μυσίαν.
598 788 800 844 ,βασιλεύς
825 791 871 831 δὲ
904 787 925 830 ὅ
953 792 1043 838 νέος
1070 791 1116 832 ἐκ
1140 790 1450 845 Διδυμοτείχου
1475 791 1536 841 εἷς
1558 786 1726 842 Βυζάν-

278 873 365 898 τιον
388 854 537 908 ἐλθών,
567 855 698 910 λύπης
719 851 933 904 ἀνάπλεως
954 850 1012 897 ὢν
1030 854 1101 897 διὰ
1123 853 1197 911 τήν
1215 853 1421 911 εἰσβολὴν,
1460 855 1540 910 „023
1563 854 1779 901 δίκαιόνιο

165 927 206 962 V.
222 939 267 974 90
279 923 416 964 ἐστιν”
443 920 556 976 ἔλεγε
577 919 678 974 πρὸς
701 918 774 963 τὸν
795 921 965 962 πάππον
992 921 1175 976 ,,πολλήν
1200 936 1246 961 τε
1271 919 1345 962 καί
1369 920 1536 976 ἆγαθὴν
1555 919 1725 975 ἔχοντας

275 985 502 1042 στρατιὰν,
551 985 624 1028 καί
649 986 908 1039 δυναμένους
940 985 1014 1027 καί
1035 982 1192 1036 αὖτούς
1222 987 1281 1035 εἷς
1305 985 1382 1042 τὴν
1405 989 1489 1029 τῶν
1514 985 1724 1040 πολεμίων

274 1051 528 1106 ἐσβαλόντας
554 1052 599 1092 ἐκ
624 1053 702 1092 τοῦ
730 1049 879 1103 ὁμοίου
909 1049 984 1105 τὴν
1013 1050 1179 1093 ἐκείνων
1207 1053 1383 1105 κακοῦν,
1423 1048 1452 1108 ἢ
1475 1048 1628 1108 οἷργοὺς
1652 1053 1727 1094 καὶ

275 1114 514 1172 ἀπράκτους
543 1118 762 1171 καθῆσθαι
785 1111 1018 1169 παντελῶς,
1046 1111 1075 1171 ἢ
1101 1115 1206 1172 πρὸς
1230 1115 1415 1166 σπονδὰς
1439 1122 1596 1174 χωρεῖν
1616 1117 1724 1170 πέμ-

273 1192 436 1235 ψαντας
460 1183 666 1236 πρέσβεις,
691 1181 837 1230 αὐτοῖς
857 1179 994 1237 ἔργοις
1017 1180 1335 1235 ὁμολογοῦντας,
1364 1179 1422 1230 ῶς
1441 1182 1620 1236 πάσχειν
1640 1181 1775 1236 fad-15

278 1262 349 1289 νον
377 1246 605 1302 ἐπιτήδειοι
627 1248 784 1300 κακῶς,
830 1246 968 1288 οὐκέτι
996 1248 1042 1288 δὲ
1060 1245 1132 1288 καί
1153 1243 1354 1303 ἆντιὸρᾷν
1373 1247 1499 1299 ἐσμεν
1518 1245 1618 1297 τοὺς
1644 1262 1721 1289 πο-
1831 1247 1832 1250 '

154 1315 270 1351 2112
280 1313 448 1365 λεμίους
470 1314 653 1354 δυνατοί.
697 1307 750 1353 οὗ
771 1310 823 1367 δὴ
860 1313 978 1352 ἕνεκα
1004 1313 1161 1364 δέομαί
1178 1327 1280 1364 σου,
1317 1314 1516 1366 βασιλεῦ’,
1554 1311 1632 1369 τήν
1653 1314 1722 1355 ἐπ’

273 1378 441 1427 ἐκείνοις
471 1376 543 1418 καί
569 1377 671 1432 ἡμῖν
696 1376 964 1433 ἐκστρατείαν
996 1377 1242 1433 ἐπιτρέψαι·
1287 1379 1649 1432 τιμωρησαμένοις
1671 1379 1720 1420 δὲ

271 1440 373 1490 ’τοὺς
393 1444 618 1495 πολεμίους
640 1443 715 1496 τῆς
740 1441 905 1490 ἀδικίας
929 1442 1003 1496 τῆς
1026 1442 1086 1490 εἰς
1108 1441 1247 1495 ἡμᾶς,
1274 1438 1363 1482 τότ’
1382 1436 1475 1497 ἤδη,
1503 1441 1586 1497 εἴγε
1616 1444 1719 1499 φαί-

273 1522 384 1548 νοιτο
405 1511 656 1561 λυσιτελεῖν,
702 1506 778 1556 τὰς
799 1505 901 1563 πρὸς
925 1503 1077 1556 αὖτοῦς
1094 1505 1318 1561 ποιήσομεν
1339 1506 1549 1561 σπονδὰς,
1588 1509 1771 1562 ἔγνω-20

272 1571 400 1620 κότας
429 1572 614 1627 ἀκριβῶς
644 1569 700 1621 ῶς
724 1572 963 1622 ἀλυσιτελὲς
992 1572 1135 1622 αὐτοῖς
1162 1569 1208 1612 τὸ
1243 1577 1550 1628 προεπιχειρεῖν
1573 1573 1714 1628 ἧμΐν.”

272 1639 450 1679 τοιαῦτα
478 1639 556 1690 μὲν
586 1636 607 1678 ὅ
648 1639 739 1686 νέος
770 1637 908 1692 εἴρηκε
945 1634 1158 1690 βασιλευς,
1189 1634 1260 1678 τὸν
1297 1637 1576 1693 πρεσβύτερον
1609 1637 1716 1694 πρὸς
1735 1654 1755 1668 r

272 1700 347 1743 τὸν
372 1699 478 1743 κατὰ
499 1703 582 1743 τῶν
608 1702 838 1758 βαρβάρων
869 1699 1052 1754 πόλεμον
1076 1702 1283 1756 ἐξορμῶν.
1330 1700 1478 1756 παρών
1513 1703 1559 1744 δὲ
1594 1706 1667 1745 καί
1692 1702 1716 1747 ὃ

270 1767 402 1821 μέγας
437 1768 679 1818 δομέστικος
708 1766 862 1822 αιῖτοΐς
891 1767 1200 1820 διαλεγομένοις
1228 1765 1304 1818 ,,τὸ
1327 1765 1592 1809 ἄδικεῖσθαι”
1625 1765 1715 1811 εἶπε

274 1868 393 1891 carere
429 1857 589 1898 fabrum,
615 1858 690 1904 qui,
725 1869 804 1891 cum
837 1857 972 1891 ferrum
996 1857 1150 1902 ignitum
1169 1858 1307 1902 forcipe
1337 1857 1389 1891 fas
1415 1857 1465 1891 sit
1493 1858 1717 1903 contingere,·
1740 1874 1743 1878 ·

273 1906 351 1948 ipse
371 1904 408 1937 id
426 1903 522 1936 nuda
549 1916 656 1938 manu
678 1910 888 1938 contrectet.
938 1904 1114 1937 Similiter
1135 1915 1173 1937 se
1195 1903 1299 1937 ludos
1325 1915 1366 1948 ac
1396 1905 1516 1937 iocum
1538 1905 1713 1947 futurum,

276 1952 307 1983 si
333 1962 406 1988 non
429 1962 494 1994 per
515 1952 712 1983 exercitum
727 1976 737 1991 ,
764 1956 800 1984 et
830 1951 1043 1996 praesertim
1063 1961 1192 1995 genere
1220 1961 1260 1983 ac
1279 1961 1428 1983 numero
1453 1956 1525 1986 tam
1558 1950 1711 1994 firmum,

276 1996 339 2029 sed
364 2007 427 2039 per
450 2008 554 2029 suum
578 1997 692 2041 ipsius
722 2008 848 2041 corpus
874 1997 1074 2041 periculum
1092 1996 1256 2033 subierit.
1290 1996 1411 2041 Quare
1434 2007 1502 2031 nec
1528 2008 1565 2030 se
1594 1998 1711 2031 factu—

275 2054 372 2082 rum⁷
403 2054 476 2087 quo
501 2043 544 2075 ab
569 2044 634 2076 illo
658 2049 893 2087 provocetur,
918 2049 955 2076 et
982 2043 1086 2075 illum
1111 2042 1181 2075 huc
1204 2042 1439 2075 immoderata
1463 2043 1516 2076 ira
1538 2043 1710 2088 provehi:

274 2089 376 2122 brevi
404 2094 500 2121 arcta
525 2090 746 2122 consociatos
771 2089 952 2129 amicitia,
980 2089 1131 2121 iunctim
1153 2100 1232 2121 cum
1257 2088 1422 2122 hostibus
1454 2090 1708 2134 proeliaturus.

274 2134 352 2168 Hoc
376 2146 546 2178 responso
573 2136 676 2176 dato,
698 2135 857 2168 Michael
879 2136 919 2168 in
941 2135 1118 2168 Moesiam
1152 2136 1320 2178 perrexit.
1368 2136 1564 2180 Imperator
1591 2136 1709 2179 Didy-

273 2181 434 2214 motieho
459 2182 667 2223 Byzantium
691 2183 838 2214 veniens
853 2206 862 2220 ,
886 2187 1033 2225 propter
1057 2192 1134 2214 eam
1156 2181 1400 2214 incursionem
1428 2182 1601 2215 moeroris
1626 2183 1708 2228 ple-

271 2239 353 2267 nus,
382 2228 432 2260 sic
452 2239 555 2260 avum
573 2228 812 2272 compellavit,
839 2232 880 2260 ut
901 2228 1048 2267 diceret,
1073 2228 1240 2272 iniquum
1265 2238 1354 2268 esse,
1379 2239 1457 2260 cum
1475 2229 1515 2261 in
1534 2235 1706 2274 promptu

270 2272 450 2310 haberent
474 2274 592 2316 copias
614 2286 689 2307 non
718 2274 875 2307 modicas
903 2279 940 2306 et
970 2275 1103 2307 virtute
1119 2274 1286 2318 egregias,
1311 2275 1523 2319 possintque
1546 2273 1707 2308 hostium

271 2320 360 2352 fines
386 2330 500 2365 aeque
523 2321 706 2353 incursare
731 2331 809 2353 cum
834 2320 1008 2352 maleficio
1023 2345 1032 2361 ‚
1070 2325 1132 2352 aut
1156 2319 1296 2352 desides
1333 2326 1370 2353 et
1393 2322 1541 2354 otiosos*
1559 2332 1704 2365 prorsus

273 2366 416 2406 sedere,
450 2371 511 2398 aut
534 2367 643 2399 missu
672 2367 870 2411 legatorum
895 2365 1042 2398 foedera
1064 2370 1209 2410 petere:
1244 2371 1353 2411 atque
1376 2367 1429 2399 ita
1453 2377 1491 2399 re
1513 2367 1590 2411 ipsa
1615 2378 1705 2400 con-

272 2412 388 2454 fiteri,
415 2412 459 2444 ad
484 2413 636 2445 iniurias
661 2412 908 2446 tantummodo
941 2412 1168 2456 accipiendas
1193 2411 1365 2452 idoneos,
1393 2411 1438 2444 ad
1462 2412 1703 2450 remetiendas

271 2458 563 2491 autem'debiles
601 2464 638 2491 et
674 2459 890 2503 impotentes
923 2469 1009 2491 esse.
1058 2459 1192 2502 Rogare
1217 2457 1328 2502 igitur
1352 2468 1475 2498 avum,
1512 2459 1567 2491 uti
1591 2470 1703 2504 expe-

273 2504 451 2538 ditionem
476 2504 548 2537 sibi
579 2505 618 2538 in
647 2505 728 2538 illos
756 2506 1022 2538 committeret:v
1051 2502 1096 2536 de
1122 2503 1253 2548 quihus
1285 2502 1351 2536 ubi
1380 2504 1427 2537 ob
1459 2505 1560 2537 illata
1587 2505 1702 2539 detri-

272 2557 396 2584 menta
430 2562 565 2595 poenas
603 2552 833 2594 sumpsisset,
873 2557 949 2584 tum
982 2549 1163 2595 denique,
1196 2550 1227 2582 si
1265 2550 1487 2583 fructuosum
1522 2550 1701 2592 videatur,

273 2597 401 2630 foedus
426 2607 529 2641 posse
554 2608 634 2630 cum
657 2598 731 2630 illis
756 2598 916 2641 percuti;
941 2595 1077 2629 edoctis
1102 2596 1174 2628 iam
1196 2597 1294 2636 satis,
1318 2607 1392 2629 non
1420 2596 1492 2629 sibi
1515 2598 1700 2641 expedire,

272 2644 450 2676 Romanos
485 2643 689 2677 invadendo
729 2648 962 2676 antevertere.
1029 2642 1093 2674 His
1130 2641 1249 2675 verbis
1281 2641 1403 2675 iunior
1433 2643 1613 2676 seniorem
1653 2644 1701 2677 ad

272 2689 410 2722 bellum
433 2688 594 2723 barbaris
616 2689 819 2723 faciendum
834 2687 1060 2723 stimulabat:
1086 2698 1238 2732 quorum
1258 2689 1415 2722 sermoni
1429 2700 1597 2733 praesens
1617 2700 1696 2724 ma-

273 2746 362 2780 gnus
390 2734 626 2778 domesticus,
661 2736 838 2778 Iniurias,
872 2735 1015 2781 inquit,
1053 2734 1215 2779 accipere
1248 2739 1285 2769 et
1308 2735 1535 2770 incommoda
1558 2735 1695 2774 iniuste
