1832 3138
527 86 910 132 HISTORIARUM
949 90 983 131 1.
1013 89 1081 137 35.
1434 86 1455 122 1
1470 87 1498 143 7
1512 87 1534 122 1

86 198 217 251 βαλπν
236 194 299 244 εἷς
317 191 398 249 τήν
419 193 603 236 Μυσίαν
624 192 698 234 καί
718 190 879 247 ἐδῄωσε
901 189 955 233 τοὶ
978 188 1111 233 πολλὰ
1136 189 1293 246 αῧτῆς,
1330 179 1544 247 ἤνδρανῖο-
1553 194 1740 231 A.c.1322

88 262 235 305 ὀίσατο
259 261 308 303 δὲ
333 254 509 301 οὖδένα·
534 254 637 299 οῦδὲ
656 254 738 313 γὀἱρ
763 255 864 306 ἔθος
885 253 981 298 οὔτε
1008 259 1182 307 Μυσοῖς
1210 250 1305 298 οὔτε
1320 253 1547 309 Ῥωμαίοις

87 328 136 380 ἐν
170 330 266 376 ταῖς
296 325 585 380 καταδρομαῖς
618 320 1004 378 ἄνδραποδιζεσθαι
1035 321 1266 377 ἀλλήλους·
1304 322 1548 377 βοσκήματα

89 393 139 436 δὲ
162 385 391 447 καί·ἆ’λλην
418 384 790 445 οἷποσκευήνέἷλον
816 386 1088 441 αἰχμάλωτον
1117 387 1286 443 πολλήν.
1315 389 1479 430 ἐκεῖθεν
1499 388 1548 430 δὲ

60 460 149 509 δεῖς
171 457 412 510 Βυζάντιον
433 456 613 511 ἐπανῆκε
632 457 691 513 τῷ
717 457 891 509 βασιλεῖ
908 453 981 495 καί
999 453 1156 511 πάππῳ
1182 453 1551 509 συνησθησόμενος

87 521 164 568 ἐπὶ
189 524 240 582 τῇ
278 521 398 579 νίκῃ·
421 520 577 577 ταύτην
609 518 690 575 γὰρ
719 518 947 575 ἐποιήσατο
973 515 1142 574 πρώτην
1165 516 1358 573 εἰσβολήν
1383 515 1551 574 βαρβά-

89 604 182 647 ροις
202 585 553 642 «ἐπιστρατεύσας.
599 580 699 642 εὗρε
726 586 773 628 δὲ
804 582 943 626 ἐλθών
963 581 1047 626 ὑπὸ
1064 584 1142 625 τοῢ
1164 585 1450 639 πρεσβυτέρου
1470 587 1579 638 pia-c

88 657 240 704 σιλὲως
262 651 338 696 τὸν
359 652 623 710 Συργιάννην
646 651 707 702 εἷς
729 647 1020 706 δεσμωτήριον
1041 647 1329 704 ἐμβληθέντα.
1371 645 1549 706 ὕστερον

90 721 140 764 δὲ
161 717 323 775 ὀλίγαις
344 718 524 775 ἡμέραις
546 717 572 759 ὅ
597 715 879 775 πρεσβύτερος
901 714 1105 770 βασιλεύς
1133 713 1401 769 δικαστήριον
1425 714 1551 756 καθί-

39 799 191 841 ιοσας,
230 784 554 837 συνδικάζοντος
579 783 692 841 αὐτῷ
717 783 792 825 καί
829 783 909 824 τοῦ
935 782 1032 824 νέου
1053 781 1262 835 βασιλέως
1306 778 1484 821 καὶτῶν
1505 780 1552 821 ἒν

87 856 199 897 τέλει
227 850 399 894 πάντων
425 850 646 904 Ῥωμαίων
674 847 920 905 παρόντων,
961 849 1153 890 ἐκέλευσε
1185 845 1260 889 τὸν
1287 844 1551 902 Συργιοίννην

89 920 153 968 εἰς
173 918 344 973 ’μέσους
362 917 526 970 ἐλθεῖν,
570 914 630 966 αἷς
658 909 721 957 αἷν
741 919 1007 970 κατηγορεῖτο
1032 910 1108 962 τὰς
1132 913 1269 963 αἰτίας
1290 909 1552 964 ἀπολυσόμε-

90 1000 175 1032 νον.
203 987 470 1039 κατηγορεῖτο
497 983 545 1024 δὲ
565 978 721 1035 miros),
753 980 812 1030 ὥς
839 978 904 1036 εἴη
929 977 1198 1033 συνωμοσίας
1220 975 1309 1032 ἅμα
1331 977 1555 1031 Ῥωμαίων

91 1049 144 1093 οὖ
169 1052 340 1098 πολλοῖς
364 1049 642 1103 πεποιημένος
664 1048 737 1091 ἒπί
756 1046 812 1103 τῷ
842 1044 915 1088 τὸν
938 1044 1221 1102 πρεσβύτερον
1243 1044 1422 1098 βασιλέα
1448 1039 1556 1085 οἷπο-

42 1115 342 1168 Ιόκτειναντας,
371 1111 502 1156 αὐτὸν
524 1113 834 1167 ἀποδειχθῆναι
851 1110 1126 1166 βασιλεύοντα
1145 1111 1381 1163 Ῥωμαίων.
1409 1109 1447 1151 οἱ
1476 1110 1557 1163 μὲν

93 1175 170 1224 οὖν
191 1179 407 1230 διώκοντες
428 1171 637 1222 &anemo
658 1179 858 1235 σφοδρῶς
880 1177 1022 1233 ἀληθῆ
1044 1174 1072 1218 ἃ
1095 1175 1230 1218 αὐτοῦ
1251 1176 1558 1231 κατηγοροῦντο

94 1243 458 1304 διισχυριζόμενοι
477 1241 589 1288 εἶναι
603 1279 614 1291 .
656 1243 829 1299 ἔλεγχον
849 1245 994 1297 μέντοι
1017 1243 1172 1298 ἐναργῆ
1195 1244 1279 1284 τῶν
1300 1256 1558 1297 κατηγορου-

92 1314 234 1370 μένων
254 1309 331 1354 onix
353 1309 560 1368 ἠδύναντο
584 1312 802 1367 παρέχειν
831 1308 960 1359 αὖτός
975 1325 1021 1351 τε
1042 1310 1089 1351 ἐκ
1115 1310 1192 1350 τοῦ
1216 1307 1388 1362 ὁμοίου,
1428 1304 1458 1349 ἃ
1477 1309 1602 1360 μὲνῃ

93 1382 363 1436 κατηγορεῖτο
394 1375 683 1434 συκοφαντίας
714 1378 931 1418 διετείνετο
951 1371 1074 1429 εἶναι,
1104 1374 1155 1416 οὔ
1182 1375 1330 1428 μέντοι
1359 1371 1434 1415 καί
1453 1372 1558 1414 ἄπο-

38 1445 246 1499 αοδείξεις
271 1448 476 1500 παρεῖχεν
502 1441 700 1499 ἰσχυράς,
737 1443 781 1492 ἐξ
815 1435 875 1484 ὧν
900 1436 951 1483 ἂν
976 1439 1054 1497 τήν
1078 1442 1196 1496 δίκην
1231 1437 1446 1496 διαφύγοι.
1487 1439 1562 1481 ἐπὶ

93 1509 199 1555 πολι)
229 1511 277 1559 δὲ
298 1509 430 1555 αὐτοῦ
454 1525 498 1552 τε
517 1508 688 1562 καὶτῶν
710 1508 948 1551 διωκόντων
976 1505 1082 1564 πρὸς
1106 1507 1312 1563 ἀλλήλους
1339 1502 1560 1548 ἀντικαθι-

94 1579 340 1631 σταμένων,
379 1575 438 1626 ὥς
460 1577 676 1626 ἰσοπαλεῖς
702 1571 812 1631 ἦσαν
836 1572 880 1616 αἱ
907 1573 1047 1628 δίκαι,
1087 1572 1109 1616 ὅ
1134 1570 1416 1629 πρεσβύτερος
1436 1574 1561 1626 βασι..

95 1643 205 1695 λεύς
217 1644 416 1700 ἐπέτρεπε
437 1643 494 1700 τῷ
512 1643 600 1700 νέῳ·
609 1637 755 1698 ψῆφον
775 1643 847 1684 ἐπὶ
864 1646 952 1689 τοῖς
972 1641 1208 1694 λεγομένοις
1229 1632 1466 1692 ἐξενεγκεῖν.
1487 1636 1561 1679 τοῦ

99 1712 146 1754 δὲ
182 1706 547 1765 ἀπαγορεύσαντος
575 1709 662 1750 δέει
687 1708 766 1750 τοῦ
795 1705 854 1762 μή
888 1705 959 1747 διὰ
994 1704 1072 1760 τήν
1109 1702 1368 1747 ἀποστασίαν
1403 1703 1560 1759 καιροῦ

45 1773 391 1832 αόπαρασχόντος
425 1775 562 1815 δοκεῖν
599 1772 843 1826 ἀμύνεσθαι
877 1769 1030 1825 αὕτὸν,
1071 1769 1095 1812 ὅ
1123 1769 1402 1825 πρεσβύτερος
1437 1772 1613 1822 βασι-ν,
1629 1781 1677 1817 86

98 1841 200 1894 λεύς
221 1838 354 1884 πολλοὶ
375 1839 506 1882 αὐτοῦ
529 1839 844 1895 κατηγορήσας,
883 1837 957 1879 καί
978 1834 1077 1887 τούς
1093 1833 1321 1886 διώκοντας
1342 1831 1564 1892 ἀποφηνά-

105 1958 205 1994 enim
228 1955 288 1991 vel
313 1956 475 1997 Moesis,
498 1955 558 1989 vel
582 1954 752 1988 Romanis
781 1954 820 1987 in
846 1964 946 1987 more
972 1953 1061 1993 fuit,
1101 1950 1374 1984 incursionibus
1397 1955 1564 1984 mutuum

105 2015 236 2051 capere
251 2004 278 2050 ‚)
301 2014 435 2049 pecora
451 2003 635 2048 aliamque
665 2000 837 2047 praedam
864 2001 1016 2034 multam
1046 1998 1210 2035 abstulit.
1243 1998 1332 2031 Inde
1350 1999 1564 2042 Byzantium

104 2052 297 2087 victoriam
321 2061 386 2083 avo
413 2050 659 2096 gratulaturus
685 2048 843 2082 revenit:
870 2046 965 2080 hanc
994 2047 1114 2086 enim,
1150 2045 1187 2077 in
1215 2044 1388 2079 barbaros
1416 2046 1565 2086 ducens,

100 2099 257 2146 prfflam
281 2097 558 2142 impressionem
595 2095 741 2129 fecerat.
802 2095 1039 2139 Syrgiannem
1074 2097 1195 2125 autem
1223 2091 1268 2124 ab
1298 2103 1340 2125 eo
1377 2093 1417 2125 in
1442 2102 1565 2125 carce-

102 2157 179 2180 rem
204 2145 411 2179 coniectum
436 2143 604 2184 invenit,
634 2143 836 2187 paucisque
862 2140 992 2174 diebus
1018 2139 1243 2179 interiectis,
1276 2138 1416 2172 iudicio
1451 2139 1566 2171 insti-

102 2198 200 2234 tuto,
225 2197 262 2226 et
284 2203 358 2226 una
377 2201 498 2224 secum
523 2201 589 2235 pro
613 2189 791 2223 tribunali
816 2187 966 2221 sedente
984 2191 1130 2232 nepote,
1144 2187 1184 2219 in
1208 2187 1415 2231 praesentia
1442 2186 1564 2220 omni-

103 2251 167 2274 um
193 2249 384 2286 procerum
407 2238 674 2277 Romanorum,
708 2236 812 2269 illum
839 2233 885 2267 ad
913 2233 1124 2268 criminibus
1152 2229 1448 2278 respondendum·
1473 2244 1563 2278 pro-

107 2286 186 2321 dire
210 2285 329 2320 iussit.
378 2284 645 2326 Accusabatur‚
672 2282 770 2329 quod
795 2293 875 2315 cum
904 2282 1045 2327 aliquot
1076 2279 1242 2313 Romanis
1272 2280 1564 2313 coniurationem

107 2334 267 2373 fecisset,
292 2337 347 2372 ut,
365 2332 586 2377 imperatore
612 2330 832 2369 interfecto,
871 2328 948 2373 ipse
981 2329 1178 2373 imperator
1208 2328 1389 2360 Romanus
1421 2337 1563 2360 creare-

106 2385 178 2414 tur.
226 2378 462 2413 Accusatores
484 2377 701 2423 premebant
721 2375 974 2416 vehementer,
999 2385 1085 2408 vera
1106 2385 1143 2407 se
1172 2373 1334 2408 obiicere
1357 2385 1565 2407 asseveran-

107 2432 185 2469 tes,
209 2437 278 2460 nec
301 2430 422 2459 tamen
455 2423 687 2458 evidentibus
723 2423 943 2468 argumentis
975 2421 1014 2454 id
1044 2421 1200 2467 probare
1221 2420 1402 2465 poterant.
1453 2420 1565 2454 Simi-

106 2474 195 2508 liter
214 2474 292 2518 ipse
311 2473 579 2506 accusationem
595 2482 710 2504 meras
734 2481 811 2503 esse
830 2465 1025 2502 calumnias
1048 2467 1315 2502 contendebat:
1343 2477 1564 2515 quamquam

108 2521 248 2555 firmam
270 2519 527 2565 probationem
542 2544 552 2559 ‚
578 2529 649 2563 qua
668 2528 803 2562 poenas
827 2519 1001 2561 effugeret
1016 2541 1025 2556 ‚
1050 2526 1125 2548 non
1150 2518 1308 2551 afferret.
1359 2515 1447 2550 Post
1477 2515 1567 2547 lon-

110 2578 190 2614 gam
227 2566 387 2612 partium
414 2566 711 2605 altercationem,
749 2562 848 2609 quod
875 2564 975 2608 paria
1006 2573 1192 2596 causarum
1222 2566 1405 2595 momenta
1450 2565 1565 2601 erant,

110 2615 235 2648 senior
250 2613 387 2647 iuniori
411 2611 585 2646 serendae
615 2611 821 2645 sententiae
842 2610 1034 2643 arbitrium
1062 2609 1206 2642 detulit.
1257 2608 1341 2654 Quo
1364 2612 1565 2648 recusante,

109 2671 159 2696 ne
185 2662 335 2705 propter
354 2658 601 2693 defectionem
620 2657 780 2691 hominis
796 2656 923 2690 ulcisci
957 2667 995 2690 se
1018 2655 1231 2696 videretur,
1258 2655 1380 2688 senior
1409 2655 1448 2687 in
1476 2654 1566 2698 Syr-

111 2709 284 2754 gianuem
311 2706 484 2752 ‘asperius
514 2704 689 2740 invehens
723 2708 762 2738 et
787 2708 1010 2738 accusatores
1039 2713 1123 2737 vera
1153 2701 1274 2737 dicere
1308 2701 1566 2748 pronuntians,
