1832 3132
538 108 915 152 ms'romARUM
953 110 1006 151 11.
1033 111 1101 159 25⁴
1425 85 1501 156 45
1508 106 1539 164 7

105 213 155 259 τὸ
182 209 448 267 &umbem
475 212 561 254 τῶν
588 214 795 266 βασιλέως
816 213 1103 268 παραινέσεων
1123 206 1428 267 ἆμνημονήσας,
1455 210 1543 258 τοῖς
1552 213 1633 250 A.c.
1648 214 1736 251 1330

104 276 149 323 τε
177 278 294 338 αδτῷ
320 275 495 337 συνοῦσι
523 279 621 334 περὶ
645 279 718 320 τοῦ
745 274 997 320 ἀποκτείνειν
1025 277 1283 334 Συργιάννην
1309 273 1452 332 κρύφα
1480 274 1546 316 δι-

104 343 301 401 αλεχθεὶς
321 343 396 388 καὶ
420 346 579 398 πείσας,
611 344 833 401 (πρότερον
859 342 942 400 γάρ
973 340 1135 386 οὐδέπω
1165 342 1305 385 οὐδενὶ
1338 339 1414 396 τὴν
1441 344 1543 396 βου-

103 409 183 468 λὴν
210 410 440 466 κατάδηλον
467 405 518 466 ἦν
546 410 810 467 πεποιηκώς,)
851 406 1147 451 ἆποκτείνουσί
1166 424 1211 450 τε
1241 406 1368 450 αὐτὸν
1396 405 1544 462 α’γνοή-

74 474 236 523 5σαντα
258 474 338 533 ,τήν
363 473 613 532 ἐπιβουλήν,
658 475 731 518 καὶ
757 475 975 533 φεύγοντες
1002 470 1100 531 ἧκον
1128 476 1187 524 εἷς
1216 474 1583 528 &sanctionesque

103 538 304 598 βασιλεὺς
331 541 378 583 δὲ
405 542 625 596 ἐμέμψατο
650 543 730 596 μὲν
749 539 996 598 Σφραντζὴν
1014 542 1088 596 τῆς
1105 540 1404 596 μικροψυχίας·
1432 540 1543 592 μᾶλ-

103 611 180 652 λον
201 604 281 665 γάρ
311 606 512 664 ἠβούλετο
542 606 757 663 δεσμώτην
785 603 951 661 ἀγαγεῖν
994 608 1126 657 ζῶντα
1154 604 1409 662 Συργιοίννην
1435 599 1464 660 ἢ
1492 599 1545 646 ἆ·-

102 670 326 716 ,thumm-
355 674 448 716 ἐπεὶ
473 673 521 715 δὲ
549 669 759 716 ἆναλῦσαι
786 670 840 715 τοὶ
869 673 1116 727 γεγενημένα
1145 668 1219 713 οὖκ
1235 672 1344 727 ε’νῆν,
1373 669 1447 713 τὸν
1466 673 1545 725 μὲν

105 737 236 796 φόνον
263 739 468 795 ἐλογίζετο
493 739 544 797 τῇ
569 738 726 796 ἀνάγκῃ
755 739 808 795 τῇ
829 734 910 780 ἀπὸ
938 740 1021 780 τῶν
1047 737 1320 794 πραγμάτων,
1349 736 1476 779 αὐτὸν
1497 738 1544 779 δὲ

54 803 300 862 ῐοῆμειζθετο
327 802 400 847 καὶ
423 802 520 855 τούς
547 805 745 854 συνόντας
782 806 856 860 τῆς
894 819 940 845 τε
967 802 1180 858 εὐψυχίας
1206 804 1324 845 ἕνεκα
1353 804 1426 844 καὶ
1451 800 1546 844 τόλ-

92 870 197 928 μης,
224 869 298 914 καὶ
320 871 398 912 τοῦ
418 871 536 927 σφοῖς
560 866 714 921 αὖτοὺς
741 868 964 926 προδήλοις
989 867 1194 918 κινδύνοις
1213 869 1409 922 ἐμβαλεῖν
1436 866 1543 922 ὑπὲρ

102 933 259 980 αὖτοῦ·
306 935 382 980 καὶ
405 935 652 994 Σφραντζὴν
678 937 758 990 μὲν
783 937 837 993 τῇ
862 938 939 978 τοῦ
965 935 1150 990 μεγάλου
1180 932 1543 991 στρατοπεδάρχου

101 1003 321 1058 τετίμηκεν
348 1001 470 1062 ἀξία·
519 1001 753 1059 προσόδους
780 1018 825 1044 τε
854 1003 1062 1057 παρέσχεν
1090 999 1280 1056 ἐτησίους
1306 1001 1352 1041 ἐκ
1377 997 1546 1054 χωρίων

102 1063 331 1123 οἶναλόγως,
347 1067 420 1110 καί
434 1066 529 1118 τούς
546 1063 700 1117 ἄλλους
719 1064 902 1117 ἅπαντας
919 1065 974 1117 ὥς
995 1069 1174 1110 ἕκαστοι.
1201 1065 1375 1121 Κροίλης
1395 1065 1442 1105 δὲ
1456 1061 1548 1107 ἐπεὶ

0 1142 1 1148 ’
52 1131 283 1182 abins-hro
310 1131 490 1176 πεσόντα
503 1135 771 1190 Συργιάννην,
799 1136 971 1187 πέμψας
997 1133 1074 1186 μὲν
1096 1127 1247 1188 ἤγαγεν
1274 1127 1404 1173 αὐτὸν
1420 1129 1478 1180 εἷς
1497 1127 1545 1172 τὸ

35 1204 38 1206 ’
101 1198 387 1258 στρατόπεδον
413 1194 644 1254 ἐμπνέοντα
673 1197 755 1241 ἔτι·
797 1196 1067 1241 ἀποθανόντα
1095 1199 1141 1240 δὲ
1168 1195 1274 1252 μετὰ
1313 1194 1466 1253 μικρὸν
1504 1197 1586 1240 εἶ-Ι)

100 1264 286 1323 θρήνησέ
309 1281 355 1308 τε
383 1266 452 1323 ἐφ’
477 1264 624 1316 ἱκανὸν
650 1264 709 1316 ὥς
737 1259 872 1322 ἄνδρα
903 1266 1047 1322 φιλον,
1089 1263 1163 1306 καὶ
1197 1262 1336 1316 ἔθαψε
1367 1265 1544 1317 μεγαλο-

100 1333 292 1390 πρεπῶς.
347 1330 570 1389 πρεσβείαν
596 1333 644 1374 δὲ
672 1334 732 1382 εἷς
758 1333 936 1386 βασιλέα
976 1332 1170 1384 πέμψας,
1211 1327 1392 1377 σπονδὰς
1419 1326 1539 1370 ἔθετο
1551 1331 1675 1379 V-an4

102 1395 210 1455 πρός
237 1393 367 1448 ᾳῧτὸν
394 1396 604 1455 εἰρηνικὰς
628 1396 702 1439 καί
727 1397 998 1451 συμμαχίαν,
1045 1394 1120 1438 καί
1145 1397 1190 1445 ἐς
1216 1393 1292 1451 τὴν
1319 1394 1548 1450 ὖστεραίαν

49 1459 157 1508 αοοῦ
171 1466 173 1468 ’
181 1461 350 1520 μακρὰν
378 1463 683 1518 Θεσσαλονύςης
708 1460 824 1519 παρὰ
854 1462 929 1505 τὸν
960 1464 1002 1504 Γ
1001 1460 1151 1504 αλυκὸν
1185 1458 1374 1514 ποταμὸν
1402 1473 1549 1513 συγγε-

100 1527 265 1584 νόμενοι
291 1529 349 1588 τῷ
372 1533 559 1585 βασιλεῖ’,
595 1527 868 1586 ἀνεχώρησαν
901 1529 960 1578 εἷς
991 1526 1066 1584 τὴν
1097 1528 1269 1570 οἰκείαν.
1324 1523 1465 1575 πόλεις
1501 1526 1548 1567 δὲ

102 1590 202 1637 ὅσαι
223 1593 425 1652 πρότερον
445 1596 631 1650 ἐγένοντο
658 1592 741 1637 ὑπὸ
761 1593 1033 1650 Συργιοίννην,
1061 1592 1253 1642 πεσόντος
1278 1591 1424 1644 αὐτοῦ,
1444 1606 1548 1645 συγ-

102 1659 268 1716 γνώμην
291 1661 616 1716 παρασχομένου
644 1662 850 1715 βασιλέως
884 1659 957 1702 καὶ
992 1656 1220 1714 ἆμνηστίαν
1259 1659 1332 1712 τῆς
1360 1657 1548 1699 ‹ineam-

102 1724 214 1781 σίας,
244 1729 572 1784 προσεχώρησαν
591 1723 764 1769 ἑκοῦσαι
789 1726 926 1768 πάλιν.
964 1724 1047 1767 ὑπὸ
1077 1726 1123 1768 δὲ
1151 1723 1247 1774 τοὺς
1274 1722 1424 1773 αὐτοὺς
1444 1720 1548 1778 χρό-

102 1839 314 1881 immemor,
336 1849 416 1874 cnm
441 1837 661 1884 satellitibus
685 1837 731 1873 de
754 1848 842 1872 nece
867 1837 1059 1884 Syrgianni
1086 1833 1267 1871 afferenda
1307 1838 1443 1870 secreto
1469 1833 1546 1868 col-

102 1885 280 1932 loquitur.
329 1885 474 1930 Quibus
499 1886 676 1930 persuasis
703 1884 881 1931 (nondum
907 1886 1002 1918 enim
1027 1884 1219 1917 consilium
1245 1893 1348 1916 suum
1374 1883 1543 1928 cuiquam

103 1937 320 1978 aperuerat,
359 1931 544 1966 hominem
568 1931 778 1965 huiusmodi
806 1930 1016 1964 insidiarum
1041 1941 1186 1975 prorsus
1212 1930 1373 1974 ignarum
1401 1929 1546 1961 interfi-

104 1980 226 2022 ciunt,
250 1985 288 2014 et
344 1978 603 2013 hessalonicam
627 1979 848 2024 perfugiunt.
897 1979 1093 2023 Imperator
1118 1975 1326 2021 Sphranzen
1351 1980 1390 2008 ut
1413 1974 1545 2007 imbel-

106 2026 179 2060 lem
204 2026 376 2072 castigat:
402 2026 559 2060 malebat
581 2027 678 2059 enim
701 2027 821 2059 vivum
858 2029 894 2058 et
921 2026 1078 2057 vinctum
1102 2024 1223 2068 potius
1249 2022 1294 2055 ad
1318 2033 1355 2055 se
1381 2020 1544 2066 perduci,

106 2078 215 2119 'quam
242 2074 408 2119 iugulari.
459 2073 530 2107 Sed
555 2073 725 2119 quoniam
749 2073 843 2106 facta
867 2071 1001 2105 infecta
1025 2070 1231 2116 nequibant
1256 2069 1358 2110 fieri,
1395 2067 1543 2101 caedem

106 2130 228 2154 rerum
254 2118 514 2154 necessitudini
541 2119 770 2160 adscribens,
804 2119 876 2164 ipsi
913 2124 950 2152 et
983 2116 1202 2151 administris
1227 2117 1304 2149 eius
1333 2114 1381 2150 ob
1406 2115 1543 2158 imper-

103 2167 270 2200 territam
292 2167 403 2200 animi
429 2165 693 2206 fortitudinem,
719 2172 756 2200 et
780 2164 878 2211 quod
902 2175 940 2198 se
963 2164 1135 2210 periculis
1153 2163 1354 2196 manifestis
1373 2172 1437 2206 pro
1462 2161 1543 2206 ipso

105 2212 349 2254 obiecissent,
378 2214 526 2260 gratiam
554 2212 732 2258 rependit.
794 2212 841 2245 At
865 2210 1070 2256 Sphranzen
1097 2210 1243 2255 quidem
1267 2208 1386 2254 magni
1410 2213 1543 2241 strato-

103 2258 307 2340 redut-,hae
331 2260 507 2307 dignitate
526 2259 804 2300 condecoravit,
839 2258 1050 2304 reditusque
1084 2256 1343 2302 respondentes
1384 2265 1403 2288 e
1435 2253 1540 2288 certis

122 2307 197 2340 ocis
222 2307 261 2340 in
284 2318 396 2341 annos
419 2306 578 2353 singulos
602 2306 658 2339 illi
682 2305 892 2339 destinavit:
926 2310 1062 2339 ceteros
1094 2314 1264 2350 quoque,
1301 2312 1542 2347 unumquem-

106 2362 179 2399 que
202 2363 268 2399 pro
291 2364 446 2400 persona
481 2359 519 2388 et
552 2354 680 2387 merito
713 2353 923 2386 muneravit.
975 2351 1093 2384 Crales
1129 2350 1360 2395 Syrgiannem
1393 2358 1541 2393 percus-

106 2410 185 2433 sum
232 2401 272 2434 in
306 2405 419 2435 castra
444 2399 562 2434 adhuc
584 2401 781 2446 spirantem
818 2398 1081 2443 deportandum
1114 2397 1261 2431 curavit.
1315 2396 1429 2428 Paulo
1458 2397 1542 2439 post

106 2447 309 2481 extinctum
344 2446 407 2481 diu
434 2453 475 2481 ut
499 2448 652 2480 amicum
678 2445 834 2486 deflevit,
860 2451 897 2479 et
919 2444 1108 2488 splendide
1136 2442 1326 2483 suneravit,
1350 2442 1540 2486 missisque

105 2492 257 2538 legatis,
282 2494 411 2528 foedus
436 2499 474 2528 et
497 2495 706 2528 societatem
726 2503 803 2525 cum
828 2493 1044 2536 imperatore
1066 2491 1221 2535 pepigit:
1259 2494 1295 2522 et
1319 2489 1378 2522 die
1403 2488 1539 2526 altero,

106 2538 207 2572 haud
228 2541 355 2585 procul
378 2551 399 2574 a
424 2540 558 2584 Galyco
582 2540 731 2573 flumine
762 2550 841 2572 cum
864 2537 990 2571 eodem
1016 2548 1177 2571 sermone
1206 2536 1358 2574 collato,
1396 2534 1540 2567 domum

108 2585 228 2620 rediit.
278 2588 390 2622 Urbes
418 2592 600 2633 quotquot
619 2587 684 2620 sub
711 2586 908 2630 Syrgianne
933 2585 1096 2625 fuerant,
1123 2594 1164 2618 eo
1191 2593 1306 2621 caeso,
1330 2581 1471 2614 veniam
1503 2583 1541 2613 et

108 2630 320 2678 ἀμνηστίαν
343 2635 388 2668 ab
413 2633 638 2679 imperatore-
653 2638 888 2672 consecutae,
912 2630 956 2664 ad
981 2631 1078 2664 illius
1105 2630 1353 2664 auctoritatem
1391 2632 1428 2660 et
1452 2625 1542 2659 obe-

109 2678 286 2715 dientiam
310 2680 507 2718 redierunt.
565 2680 641 2714 Sub
675 2680 772 2714 idem
810 2684 950 2725 tempus
981 2678 1093 2712 etiam
1125 2677 1320 2721 ngrorum
1348 2674 1512 2720 princeps
1531 2697 1541 2712 ‚
