1832 3138
572 75 949 120 ms‘romARUM
991 76 1022 123 ι’.
1063 85 1103 128 9.
1485 58 1561 126 43

109 179 269 233 ’πολλὰς
291 179 588 229 ύποπτεύοντες
609 179 655 220 ἐκ
673 180 756 221 τῶν
779 179 981 234 φυλάκων
1012 167 1086 223 καὶ
1103 181 1185 224 τῶν
1206 179 1457 237 πραγμάτων
1485 177 1655 229 uis-AR.
1670 190 1756 226 1320

109 243 365 303 μεταβολάς.
402 241 466 288 ὅτε
488 245 628 288 τοίνυν
659 242 733 285 καὶ
763 244 1070 300 ἀμφοτέρωθεν
1103 246 1266 300 ὑποψία
1291 246 1405 302 ὁέινῆ
1420 279 1433 299 ,
1464 245 1602 299 βὲλ-Ι)

83 321 85 327 “
113 327 205 356 τιον
224 313 404 371 βραχείᾳ
429 311 576 368 καιροῦ
599 310 712 368 ῥοπῇ
743 311 814 366 τῆς
856 311 964 366 ζωῆς
991 310 1353 368 ἀποστερήσαντας
1382 309 1562 366 βεβαίως

79 399 81 404 ⁴
111 372 302 435 ἔρχειν,
330 374 464 421 αύτοῦ
494 391 543 420 τε
580 371 654 418 οὖκ
685 372 980 430 ἀμυνουμένου
1011 375 1086 419 καὶ
1116 378 1201 420 ταῖν
1224 372 1363 421 ἄλλων
1395 374 1563 428 οὖδενὸς

111 443 439 487 διακινδυνεύειν
465 441 570 499 ύπὲρ
611 438 742 486 αὐτοῦ
765 444 956 496 κειμένου
992 445 1344 498 βουλησομένου.”
1402 443 1489 500 Τὴν
1515 444 1563 485 δὲ

107 508 306 566 τοιαύτην
337 506 495 565 βουλὴν
526 509 714 564 ἐξήνεγκε
742 509 824 561 μὲν
861 504 966 551 κατὰ
1001 509 1208 563 βασιλέως
1249 507 1273 551 ὃ
1292 503 1563 565 [Συργιάννης

111 575 160 627 ἐξ
189 570 342 618 ἑαυτοῦ
370 575 465 628 μὲν,
495 574 615 630 ἐνῆγε
639 575 683 616 δ’
707 574 767 624 εἷς
800 569 933 629 αύτήν
955 573 1140 629 μάλιστα
1176 573 1252 616 καὶ
1282 572 1565 632 Ἀπόκαυχος,

109 640 349 692 ἐκσπόνδους
378 639 483 697 πρὸς
526 642 704 695 βασιλέα
737 641 784 690 ἐξ
817 640 963 683 αι’τιῶν
1003 640 1264 694 διακείμενος
1303 640 1561 696 παραλόγων,

61 714 69 759 ,ᾗ
106 704 170 764 μὴ
203 707 262 749 δι’
283 701 413 749 αὖτοῦ
436 707 485 748 δὲ
519 704 750 759 δυνάμενος
775 704 958 760 εἰσάγειν
993 704 1068 762 τὴν
1097 707 1286 762 γνώμην,
1326 700 1460 762 (οὔπω
1481 703 1559 762 γὰρ
1572 714 1666 752 Ρ.3ο

84 769 294 832 οῷκείωτο
327 775 502 827 βασιλεῖ
519 772 715 814 τοσοῦτον
737 769 797 822 ὥς
819 771 893 814 καί
910 772 1102 827 μετέχειν
1123 774 1276 827 βουλῆς
1282 774 1314 828 ,)
1347 772 1456 829 φίλῳ
1479 766 1566 814 ὄντι

33 888 36 891 7
104 840 166 896 τῷ
191 838 428 896 Συργιῶννῃ
447 835 524 888 τοὶς
549 835 707 892 βουλάς
722 837 912 880 ὑπετίθει
937 837 996 889 ὥς
1026 835 1141 898 αύτῷ
1155 835 1369 896 παᾷῥησίᾳ
1392 840 1567 892 βουλευ-

56 912 57 916 ’
106 905 286 964 σομένφ.
307 901 411 962 πρὸς
426 904 552 948 ταῦθ)
567 903 590 947 ὅ
608 906 739 959 μέγας
757 905 1011 958 δομέοτικος·
1033 903 1160 958 »ἐμοὶ
1179 903 1226 947 τὸ
1246 905 1448 961 πρῶτον”
1482 902 1565 960 ἔφη

31 975 57 1023 ijs
103 971 218 1025 »τῶν
251 971 554 1026 βουλευμάτων
593 972 677 1014 τῶν
702 970 1003 1027 ἀπανθρώπων
1047 970 1254 1027 κρίνοντι,
1288 968 1334 1013 τὸ
1368 972 1564 1026 δεύτερον

42 1026 47 1055 1
105 1033 200 1079 οὔδ’
225 1033 436 1092 αῗμότητος
455 1034 530 1078 καί
548 1031 856 1093 ἀπανθρωπίας
875 1035 1111 1093 ὑπερβολὴν
1134 1037 1338 1079 ἐλλείπειν
1362 1032 1564 1089 οὖδεμίαν

46 1102 51 1105 ’
78 1104 312 1160 5φαίνεται.
345 1101 412 1145 διὸ
455 1104 690 1160 συμφέρειν
724 1103 908 1159 ἡγοῦμαι
933 1103 1090 1146 τούτων
1138 1103 1399 1154 ἀποστάντας
1429 1101 1565 1145 ἁπάν-

40 1192 47 1227 3
99 1185 207 1223 των,
239 1171 325 1213 τῶν
354 1169 568 1226 προτέρων
606 1167 783 1224 ἔχεσθαι
806 1168 1109 1224 βουλευμάτων
1122 1203 1135 1223 ,
1172 1168 1246 1212 καὶ
1278 1174 1445 1212 σκοπεῖν
1483 1167 1564 1222 οὔχ

103 1229 219 1287 ὅπως
255 1238 429 1291 βασιλεῖ
455 1237 594 1279 κακῶν
627 1236 866 1291 ἀνηκέστων
913 1234 1040 1279 αἴτιοι
1070 1238 1294 1294 φανῶμεν,
1323 1236 1416 1278 ἀλλ’
1449 1230 1563 1284 ὅπως

19 1296 45 1350 ’,ἶ
99 1301 216 1357 ἧμᾶς
247 1299 401 1352 αύτούς
430 1301 613 1352 ἀπαθεῖς
648 1300 967 1358 διατηρήσωμεν
1011 1304 1163 1345 κακῶν.
1215 1304 1275 1353 εἰς
1315 1303 1438 1345 τοῦτο
1477 1299 1559 1357 γὰρ

27 1362 34 1379 ⁹
101 1365 178 1410 καὶ
196 1365 571 1425 συνεληλύθειμεν,
601 1363 712 1418 ὅπως
735 1370 794 1427 τῷ
820 1370 901 1422 μὲν
926 1369 1010 1411 τῶν
1051 1369 1260 1423 βασιλέων
1284 1364 1560 1425 ἀδικουμένῳ,

0 1429 207 1486 φθασθεοῧ
227 1436 545 1491 συναιρομένου,
571 1433 644 1477 καὶ
665 1434 738 1491 τήν
762 1433 872 1491 ζωὴν
897 1433 1211 1492 διατηρήσωμεν
1234 1433 1308 1477 καί
1320 1433 1396 1490 τὴν
1422 1431 1560 1488 τιμὴν,

97 1501 156 1558 τῷ
183 1500 252 1555 δὲ,
285 1501 495 1557 μηδεμιᾶς
521 1498 833 1557 ἀκολουθούσης
857 1499 1067 1557 ἀνάγκης,
1110 1503 1213 1557 μηδ’
1238 1503 1299 1551 εἷς
1327 1500 1404 1556 τὴν
1433 1498 1595 1555 τιμὴνΒ

97 1568 432 1624 παρενοχλῆσαι,
471 1567 640 1624 μήτοιγε
671 1565 747 1623 τὴν
785 1566 939 1624 ζωήν.”
994 1566 1160 1610 Τούτων
1193 1564 1325 1617 οὕτως
1363 1567 1556 1621 ἀλλήλοις

97 1633 269 1676 ἐναντία
300 1634 644 1689 βουλευομένων,
685 1632 709 1676 ὅ
754 1634 835 1688 μὲν
861 1633 1061 1689 βασιλεὺς
1092 1635 1277 1689 καθῆστο
1310 1634 1430 1690 σιγῇ,
1472 1633 1554 1674 τῶν

96 1699 331 1754 λεγομένων
363 1699 702 1758 ε’πακροώμενος,
734 1699 758 1742 ὅ
785 1699 1043 1757 Συργιάννης
1077 1703 1125 1744 δὲ
1155 1696 1226 1743 τὸν
1251 1699 1371 1753 λόγον
1394 1695 1551 1741 ιῖναλα-Ἰ
1564 1705 1605 1740 V.
1622 1706 1666 1742 25

96 1815 172 1853 est,
196 1816 355 1857 praestat
373 1812 477 1848 brevi
491 1811 710 1848 discriminis
728 1817 911 1848 momento
931 1825 1054 1849 senem
1072 1813 1250 1852 occidere,
1270 1816 1379 1858 atque
1399 1813 1449 1845 ita
1473 1821 1552 1845 cer-

93 1863 173 1893 tum
198 1859 391 1906 imperium
417 1859 589 1906 adipisci:
629 1860 926 1907 quandoquidem
945 1873 1013 1895 nec
1032 1862 1111 1907 ipse
1132 1872 1170 1895 se
1190 1860 1396 1900 ulciscetur,
1431 1862 1468 1892 et
1488 1859 1552 1904 qui

91 1917 160 1952 pro
173 1910 316 1941 mortuo
330 1907 472 1953 aliquid
490 1907 688 1953 periculosi
705 1909 888 1953 inceptet,
910 1909 1034 1943 nullus
1061 1909 1203 1942 existet.
1253 1907 1342 1941 Tale
1363 1906 1555 1939 consilium

93 1953 310 1999 Syrgiannes
329 1958 453 1989 contra
467 1965 572 1989 avum
595 1965 640 1988 ex
664 1966 702 1989 se
723 1955 871 2000 quidem
892 1955 1018 1998 dabat3
1049 1955 1113 1990 sed
1132 1956 1172 1988 in
1191 1955 1316 2000 primis
1336 1952 1551 1998 Apocaucho

89 2001 336 2043 sollicitante,
363 2002 428 2048 qui
452 2001 501 2035 ob
527 2013 648 2036 causas
669 2002 840 2049 quasdam
869 2014 943 2037 non
964 2003 1143 2048 legitimas
1179 2002 1224 2036 ab
1255 2002 1471 2046 imperatore
1492 2011 1550 2032 se·-

91 2048 196 2082 niore
215 2047 391 2090 alienior,
423 2049 511 2094 quia
532 2059 594 2082 ore
615 2060 681 2084 suo
704 2050 922 2083 sententiam
944 2049 1065 2083 dicere
1096 2060 1171 2083 non
1196 2053 1358 2094 poterat,
1388 2046 1486 2091 quod
1511 2047 1550 2081 in

90 2095 246 2128 iunioris
262 2095 542 2130 familiaritatem
555 2096 710 2130 necdum
723 2095 814 2131 adeo
827 2101 1090 2143 penetraverat,
1116 2102 1155 2130 ut
1169 2098 1276 2130 etiam
1300 2097 1339 2129 in
1359 2093 1551 2128 consilium

90 2140 347 2184 adhiberetur,
373 2147 411 2177 et
433 2142 667 2190 Syrgianncm
687 2143 883 2189 diligebat,
910 2144 1029 2178 eidem
1054 2143 1165 2185 istud,
1193 2148 1234 2176 ut
1253 2143 1439 2176 liberrime
1461 2153 1550 2174 con-

90 2189 245 2230 sulturo,
262 2195 491 2236 suggesserat.
541 2190 674 2225 Contra
692 2190 782 2225 haec
801 2192 854 2225 sic
871 2192 1051 2236 ingressus
1074 2196 1129 2224 est
1149 2202 1295 2236 magnus
1313 2189 1548 2223 domesticus:

88 2235 138 2270 Et
152 2236 268 2281 prirna
287 2238 470 2271 sententia
485 2238 578 2272 mihi
599 2238 806 2280 inhumana,
828 2242 865 2273 et
881 2239 993 2272 altera
1010 2239 1180 2271 saevitiae
1195 2242 1303 2283 atque
1317 2237 1549 2270 immanitatis

89 2282 238 2317 modum
261 2294 405 2318 omnem
424 2295 638 2331 exsuperare
657 2285 811 2319 videtur.
860 2285 1103 2366 Qkpamobrem
1122 2289 1280 2330 spectata
1300 2284 1477 2323 utilitate,
1502 2282 1547 2316 ab

89 2329 192 2364 hisce
217 2331 380 2364 consiliis
408 2331 668 2374 recedendum,
705 2344 747 2366 ac
769 2333 882 2378 priori
910 2344 952 2366 us
983 2332 1309 2366 adhaerescendum
1346 2331 1547 2364 constituo:

88 2376 441 2425 providendumque,
477 2390 552 2414 non
584 2391 740 2425 quonam
764 2384 868 2425 pacto
895 2381 1148 2425 imperatorem
1168 2378 1389 2412 atrocissime
1412 2378 1547 2409 multe-

89 2434 189 2466 mus,
220 2424 285 2458 sed
305 2435 376 2471 qua
394 2427 534 2461 ratione
554 2438 574 2460 a
596 2427 729 2460 nostris
752 2427 912 2472 ipsorum
938 2426 1138 2460 cervicibus
1168 2427 1320 2460 exitium
1349 2424 1546 2469 prohibea-

88 2481 191 2514 mus;
217 2469 326 2505 huius
353 2474 451 2507 enim
472 2485 511 2508 er
534 2484 555 2507 o
583 2475 834 2515 convenimus,
873 2479 914 2507 ut
942 2474 1090 2507 alterius
1117 2473 1264 2518 quidem
1297 2473 1432 2506 iniuria
1458 2471 1547 2503 laesi

88 2518 199 2551 vitam
221 2516 490 2566 honoremque,
512 2485 598 2555 {teo
620 2532 686 2555 nos
706 2521 801 2554 bene
818 2521 1023 2562 adiuvante,
1042 2525 1223 2553 tueamur:
1248 2520 1396 2553 alterius
1415 2522 1547 2555 autem,

88 2565 192 2598 nulla
209 2565 422 2610 impellente
441 2568 712 2602 necessitudine
725 2594 735 2609 ‚
763 2579 811 2602 ne
837 2567 968 2602 honori
991 2567 1157 2613 quidem,
1189 2567 1278 2612 quid
1297 2566 1411 2600 dicam
1430 2564 1547 2597 vitae?

88 2611 406 2647 incommodemus.
453 2615 532 2648 Illis
546 2615 616 2648 isto
630 2615 738 2649 modo
753 2615 1056 2660 disceptantibus,
1083 2615 1277 2659 imperator
1299 2613 1439 2652 sedem,
1455 2612 1546 2644 taci-

90 2662 149 2692 tus
170 2669 262 2705 quae
292 2659 507 2695 dicebantur
532 2662 771 2695 auscultabat:
827 2662 919 2695 Tum
952 2662 1165 2707 Syrgiannes
1191 2672 1316 2706 magno
1349 2659 1545 2692 domestico

91 2706 144 2741 uic
161 2706 338 2742 occurrit:
371 2707 461 2742 Cum
486 2709 625 2754 ingenii
639 2709 786 2744 humani
808 2709 1037 2746 imbecillitas
1062 2708 1257 2754 perfectam
1279 2717 1396 2742 rerum
1419 2707 1543 2751 cogni—
