1832 3132
232 171 240 177 ,
288 114 400 187 396
699 98 700 101 '
810 121 1177 167 CANTAcnzmi

95 232 476 285 A.C.1329yc'vw.9at
500 226 602 270 κατὰ
633 224 677 268 τὸ
707 225 985 280 ἐπικρατῆσαν
1008 225 1052 274 ἐξ
1074 224 1207 280 ἀρχῆς
1227 221 1326 271 ἔθος
1351 220 1424 266 ἐπὶ
1437 221 1490 279 τῇ
1507 222 1715 276 βασιλέως,

248 295 466 350 οτελευτῇ.
517 294 589 334 καί
609 292 787 345 ἐγίνοντο
812 287 883 331 ἐπὶ
901 290 1052 331 τοῖσδε·
1106 290 1284 343 στέργειν
1305 282 1460 330 ’Ἀνναν
1482 284 1559 342 τὴν
1584 288 1711 346 βόσι-

283 359 402 411 λίδα,
443 357 593 412 κυρίαν
622 353 696 398 καὶ
723 352 1007 404 δεσπόζουσαν
1038 353 1122 394 τῶν
1148 350 1420 408 πραγμάτων,
1448 353 1520 394 καὶ
1543 348 1710 406 τὴνκί-

282 438 375 465 στιν
405 422 514 477 αὖτῇ
535 418 729 476 καθαρὰν
755 420 826 460 καὶ
858 412 1007 460 ἄδολον
1033 422 1184 473 τηρεῖν·
1248 418 1472 459 πείθεσθαι
1505 417 1553 459 δὲ
1573 414 1710 459 πάντα

282 487 354 528 καί
381 485 544 544 μεγάλῳ
575 485 797 540 δομεστίκῳ
831 481 903 524 καὶ
940 481 993 525 τὰ
1033 482 1278 535 κελευόμενα
1316 479 1387 524 ὕπ’
1417 482 1547 524 αὐτοῦ
1574 479 1733 536 μηδὲν5

145 561 185 596 V.
203 561 265 607 ¹95
279 551 559 605 ἀντιλέγοντας
589 554 736 592 ποιεῖν.
764 544 871 591 οὕτω
897 550 975 602 μὲν
1004 543 1079 590 οὖν
1108 546 1289 601 ἐγίνοντο
1319 545 1359 588 οἱ
1384 542 1512 602 ὅρκοι,
1539 545 1708 588 πάντων

279 614 515 670 ὄμνυόντων
552 616 713 672 ἐφεξῆς.
778 612 906 668 αὔτ’ὁς
938 614 984 656 δὲ
1016 611 1071 656 τὰ
1107 610 1330 668 πράγματα
1365 609 1502 670 διῴκει
1531 604 1562 668 ᾗ
1595 606 1710 672 αὗτῷ

276 677 431 736 ἄριστα
460 680 594 724 ἐδόκει
614 679 727 734 ἔχειν
757 678 830 722 καὶ
852 677 928 730 τὰς
959 676 1094 734 ἆρχάς
1119 678 1317 733 ἐπέτρεπε
1336 677 1420 718 τῶν
1439 673 1620 731 πόλεων,
1647 671 1710 724 οἷς

276 744 412 803 ἔκρινε
437 748 536 788 δεῖν·
599 747 682 787 τῶν
711 746 756 787 δὲ
791 745 1006 801 ἀφῃρεῖτο.
1072 739 1163 785 ὅσοι
1197 743 1245 784 δὲ
1281 741 1511 792 “Ρωμαι’ων
1539 742 1604 796 εἰς
1628 741 1709 783 Δι-

278 811 524 865 δυμότειχον
554 807 626 853 ἐ’τυ
628 825 705 864 χον
735 808 826 852 τότε
860 808 1089 865 παρόντες,
1132 807 1181 849 οὗ
1211 807 1282 863 τῆς
1310 803 1539 862 συγκλήτου
1565 801 1759 859 μόνον,ῐο

277 873 384 919 ἀλλὰ
411 878 484 918 καὶ
505 877 577 931 τῆς
596 876 816 931 στρατιᾶς,
843 871 912 916 τόν
930 875 1067 928 μέγαν
1091 873 1330 926 δομέστικου
1355 869 1581 927 ἠνάγκαζον
1602 877 1708 913 συν-

276 938 467 991 ελθόντες
490 940 543 983 τὰ
561 938 755 994 βασιλικά
781 938 970 992 σύμβολα
998 933 1261 994 περιθέσθαι·
1312 935 1365 980 τά
1388 951 1432 979 τε
1453 930 1561 978 ἄλλα
1585 935 1707 990 ι’σ-χν-

241 1004 488 1061 Βριζόμενοι
509 1006 666 1047 δίκαιον
696 1002 803 1047 εἶναι
831 1005 904 1047 καί
932 1000 995 1046 ὅτι
1023 1001 1132 1046 οὕτω
1166 1000 1400 1055 διατάξαιτο
1417 998 1626 1056 βασιλεὺς.
1657 1025 1665 1029 x
1681 998 1707 1042 ὅ

278 1072 319 1112 δ’
339 1070 508 1112 (ἷνένευέ
527 1085 574 1112 τε
597 1068 670 1111 καὶ
685 1070 847 1111 ἐκέλευε
871 1067 930 1124 μὴ
957 1072 1227 1124 παρενοχλεῖν
1245 1068 1302 1117 ὥς
1329 1065 1513 1110 ἀδύνατα
1530 1061 1708 1118 ἇξιοῦσι.

277 1136 595 1183 Κωνσταντῖνος
617 1135 663 1178 δὲ
686 1131 708 1175 ὃ
730 1131 954 1190 δεσπότης,
994 1131 1043 1176 ὃν
1067 1135 1111 1175 ἐν
1134 1133 1289 1189 ἀρχαῖς
1307 1134 1383 1188 τῆς
1410 1130 1599 1188 ἱστορίας
1621 1129 1760 1185 paci-15

275 1203 399 1241 λιστα
423 1200 470 1240 ἐκ
500 1200 803 1254 Θεσσαλονίκης
830 1197 988 1255 ἔφημεν
1015 1199 1200 1253 ἀχθῆναι
1228 1199 1462 1253 δεσμώτην,
1490 1194 1634 1253 σχῆμά
1661 1204 1707 1239 te

276 1263 557 1320 ἠμφιεσμένον
583 1265 780 1318 μοναχῶν
807 1266 881 1306 καί
919 1262 1157 1306 Κάλλιστον
1185 1263 1500 1316 ὠνομασμένον,
1525 1259 1708 1314 ὅτιμὲν

277 1331 321 1370 ἐν
350 1330 616 1387 δεσμωτηρίῳ
644 1328 745 1371 κατὰ
771 1327 815 1370 τό
845 1326 1147 1382 Διδυμότειχον
1184 1329 1445 1384 ἐφρουρεῖτο.
1482 1327 1708 1375 δείσαντες

277 1395 324 1435 δὲ
354 1392 393 1435 οἱ
414 1393 630 1448 ,παρόντες
656 1395 738 1435 τῶν
767 1395 1044 1448 συγκλητικῶν
1072 1394 1144 1435 καί
1169 1394 1241 1448 τῆς
1270 1393 1482 1448 στρατιᾶς,
1507 1393 1592 1447 μή,
1628 1391 1707 1435 τοῦ

275 1459 480 1512 βασιλέως
517 1457 856 1512 τελευτήσαντος,
899 1455 920 1499 ὅ
959 1458 1155 1513 δεσπότης
1191 1458 1268 1498 τοῦ
1296 1456 1580 1512 δεσμωτηρίου
1611 1456 1761 1498 δια-πο

275 1522 402 1579 δρας,
441 1522 587 1565 στάσιν
613 1521 738 1565 πάλιν
764 1530 852 1572 τοῖς
884 1523 1114 1577 εΡωμαιόις
1140 1525 1279 1579 ἐγερεῖ
1308 1523 1380 1564 καί
1404 1519 1455 1564 τοὶ
1482 1520 1708 1578 πράγματα

276 1589 521 1643 διαφθερεῖ,
562 1588 742 1640 πόλεμον
768 1588 975 1643 ἐμφύλιον
1007 1587 1200 1642 κινήσας,
1227 1585 1303 1643 τὴν
1329 1588 1545 1641 βασιλείαν
1570 1583 1708 1642 ἑαυτῷ

148 1661 185 1698 Ρ.
199 1658 267 1699 243
281 1651 639 1708 περιποιούμενος,
675 1652 781 1709 πρὸς
807 1651 880 1694 τὸν
904 1654 1037 1707 μέγαν
1066 1654 1305 1706 δομέστικον
1332 1648 1522 1700 ἐλθόντες
1547 1651 1706 1709 ἐδέοντο

277 1717 410 1760 αὐτὸν
436 1714 744 1760 ἀποκτιννύναι.
797 1718 918 1760 τοῦτο
953 1715 1032 1774 γᾶρ
1067 1716 1252 1771 μάλιστα
1275 1722 1363 1766 τοῖς
1389 1715 1605 1773 πράγμασι
1632 1719 1707 1780 λυ-

275 1812 373 1846 tibus
397 1813 555 1847 scilicet:
583 1813 629 1847 Se
652 1813 788 1846 Annam
814 1814 1077 1858 imperatricem
1096 1813 1278 1848 dominam
1303 1823 1344 1846 ac
1369 1823 1487 1846 rerum
1503 1811 1706 1858 principem

275 1870 491 1903 agnoscere,
526 1861 632 1905 eique
668 1859 775 1892 fidem
799 1861 973 1905 integram
1004 1872 1045 1894 ac
1071 1862 1246 1894 sinceram
1280 1860 1528 1905 praestituros.
1573 1857 1704 1902 Magno

278 1900 476 1938 domestico
524 1907 564 1939 in
611 1906 776 1938 omnibus
817 1906 975 1940 libenter
1018 1907 1337 1951 obtemperaturos.
1404 1905 1463 1941 Sic
1505 1905 1705 1937 iuramenta
1822 1896 1832 1932 l

277 1951 596 1996 concipiebantur‚
631 1951 879 1998 dabanturque
918 1953 1045 1988 ordine
1084 1953 1129 1986 ab
1164 1952 1344 1989 omnihus.
1404 1953 1484 1996 Ipse
1520 1961 1627 1995 porro
1651 1951 1733 1994 'inv
1830 1955 1832 1967 ³

275 1997 433 2041 regunda
453 1998 638 2042 republica
658 1998 755 2042 quod
771 1999 945 2042 optimum
962 1999 1160 2040 iudicabat,
1184 1999 1223 2033 id
1238 1997 1477 2044 sequebatur:
1502 2001 1540 2031 et
1561 1995 1706 2029 urbium

275 2044 515 2087 praefecturas
554 2043 772 2085 mandabat,
809 2044 940 2090 quibus
973 2045 1218 2086 mandandae,
1253 2050 1290 2078 et
1325 2043 1532 2084 auferebat,
1621 2041 1704 2076 ibus

276 2088 495 2122 auferendae
532 2090 757 2123 videbantur.
807 2091 997 2136 Quotquot
1029 2103 1113 2126 vero
1146 2093 1382 2125 Romanorum
1409 2096 1497 2124 tunc
1528 2089 1575 2122 Di
1601 2099 1705 2131 ymo-

275 2133 370 2168 tichi
405 2134 603 2180 degebant,
655 2147 730 2169 non
765 2138 992 2180 optimatium
1024 2138 1156 2178 modo,
1198 2138 1432 2171 verumetiam
1473 2135 1519 2170 de
1552 2133 1704 2168 ducibus

276 2180 452 2214 exercitus
475 2206 485 2222 ‚
530 2181 576 2214 ad
610 2182 713 2214 illum
754 2182 964 2217 accedentes
1006 2183 1180 2229 urgebant
1211 2183 1258 2218 ad
1303 2182 1509 2228 usurpanda
1532 2180 1705 2226 >insignia

273 2226 523 2270 imperatoria:
572 2232 795 2268 asserentes,
839 2234 875 2262 et
917 2230 999 2263 aliis
1042 2231 1086 2264 de
1134 2231 1247 2264 causis
1282 2228 1321 2263 id
1357 2229 1491 2262 iustum
1534 2238 1634 2267 esse,
1667 2231 1705 2260 et

274 2273 361 2317 quia
401 2273 593 2317 imperator
633 2274 682 2305 ita
721 2273 943 2308 decrevisset.
993 2276 1184 2310 Renuehat
1217 2275 1431 2310 domesticus
1460 2272 1702 2318 petebatque,

272 2329 321 2351 ne
346 2319 567 2362 postulantes
597 2330 688 2366 quae
722 2321 798 2365 ipse
834 2321 953 2355 faeere
984 2324 1194 2369 neutiquam
1218 2327 1357 2367 posset,
1392 2321 1594 2356 molestiam
1629 2319 1702 2354 sibi

274 2362 497 2398 exhiberent.
563 2365 819 2399 Constantinus
857 2368 1027 2411 despota,
1073 2381 1181 2415 quem
1218 2379 1292 2402 non
1326 2368 1432 2411 longe
1468 2378 1489 2399 a
1518 2365 1699 2410 principio

270 2409 382 2447 huius
408 2410 580 2444 historiae
607 2411 863 2446 Thessalonica
897 2415 935 2449 in
958 2415 1132 2457 vinculis,
1170 2415 1269 2449 cultu
1303 2411 1468 2447 monachi
1507 2410 1701 2444 adductum

274 2461 312 2489 et
346 2456 537 2490 Callistum
576 2457 794 2500 appellatum
828 2459 1170 2502 demonstravimus,
1214 2460 1330 2495 adhuc
1374 2457 1620 2502 Didymotichi
1660 2457 1702 2490 in

274 2513 412 2535 carcere
439 2503 669 2536 attinebatur.
719 2505 901 2539 Timentes
933 2507 1042 2551 igitur
1073 2509 1135 2553 qui
1161 2507 1309 2540 aderant
1331 2506 1503 2551 primores
1529 2508 1565 2536 et
1595 2503 1698 2547 prin-

273 2549 371 2592 cipes
396 2550 571 2582 exercitus
586 2574 594 2589 ,
618 2560 665 2583 ne
690 2551 903 2595 imperatore
928 2552 1117 2593 defuncto,
1143 2554 1292 2598 despota
1317 2563 1335 2585 e
1361 2550 1522 2584 custodia
1543 2550 1696 2593 elapsus,

271 2605 399 2626 novam
424 2597 518 2628 inter
544 2597 719 2628 Romanos
758 2596 972 2632 seditionem
998 2601 1191 2633 concitaret
1213 2599 1383 2643 civilique
1408 2597 1504 2630 bello
1530 2601 1605 2628 sato
1629 2596 1697 2629 im-

272 2640 409 2684 perium
439 2641 508 2674 sibi
532 2642 719 2674 ascisceret
736 2648 772 2675 et
791 2644 1043 2688 rempublicam
1062 2646 1247 2690 perderet,
1274 2655 1436 2688 magnum
1463 2642 1697 2675 domesticum

271 2685 443 2724 adeuntes
464 2694 670 2733 precantur,
695 2689 749 2725 uti
775 2688 957 2725 hominem
982 2703 1001 2726 e
1038 2691 1156 2728 medio
1184 2692 1306 2729 tollat:
1335 2689 1374 2726 id
1398 2690 1493 2726 enim
1517 2687 1698 2724 communi
