1820 3164
298 74 410 143 504
737 119 740 123 .
842 89 1208 135 CANTAcUzEM
1238 121 1241 123 -

98 196 180 250 Δξῦ.
197 195 285 238 1336
296 188 425 253 κάστῄ
437 228 450 248 ‚
493 185 570 236 τόν
585 209 630 235 τε
650 184 1005 248 ’πρωτοστροίτορα
1033 192 1272 249 Συναδηνόν
1302 196 1374 238 ἐπὶ
1404 194 1533 239 πᾶσιν
1559 186 1727 241 ἀποδεί-

293 265 366 314 ξας
394 257 624 315 στρατηγὸν
657 259 728 300 καί
769 252 900 299 τᾶλλα
931 254 1066 299 πάντα
1105 255 1161 307 ὥς
1186 254 1238 302 ἂν
1265 259 1375 318 αὐτῷ
1401 260 1532 303 ἐδόκει
1571 262 1726 319 διοικη-

290 327 478 378 σάμενος,
511 319 618 379 ἄρας
647 324 804 364 ἐκεῖθεν
827 317 957 377 ἦλθεν
982 323 1042 371 εἰς
1066 322 1393 380 Θεσσαλονίκην,
1446 329 1608 383 χαίρων
1635 324 1725 381 ἅμα

290 388 362 431 καὶ
384 389 469 447 θεῷ
491 390 566 445 τῆς
594 387 830 444 εὐεργεσίας
847 385 1021 443 χάριτας
1051 384 1272 442 ὁμολογῶν,
1293 384 1356 432 ὅτι
1383 388 1410 432 ὃ
1433 395 1599 442 πολλοῖς
1623 391 1726 434 ἂνα-

247 466 279 501 D
294 454 456 508 λιόμασι
477 455 548 496 καί
567 452 703 503 πόνοις
733 453 779 495 ἐκ
801 454 883 494 τῶν
909 453 1095 502 Ἀλεξίου
1118 454 1196 494 τοῦ
1225 453 1423 508 Ἀγγέλου
1457 456 1622 514 χρόνων
1648 457 1748 512 τῆς5

284 519 511 574 “Ρωμαίων
545 519 788 574 ἀποτμηθὲν
825 516 1044 574 ἡγεμονίας
1074 516 1113 560 οἱ
1141 518 1287 561 τούτου
1319 518 1513 576 πρόγονοι
1534 525 1722 577 βασιλεῖς

289 584 596 628 ἀνασώσασθαι
639 583 714 626 οὔκ
758 581 964 638 ἴσχυσαν,
1011 582 1140 642 τούτῳ
1172 586 1247 626 νῦν
1286 579 1386 627 ἄνευ
1419 582 1612 641 πολέμων
1651 588 1725 630 κάἰ

287 651 488 693 κινδύνων
527 651 712 706 παρέσχε
755 649 1046 705 κατορθῶσαι.
1102 647 1285 705 Μιχαήλ
1328 666 1374 693 τε
1398 649 1475 708 γὰρ
1505 649 1529 694 ὃ
1558 653 1723 710 πρῶτος

288 718 335 758 ἐκ
357 714 661 770 Παλαιολόγων
696 710 826 772 ἄρξας
855 713 1009 770 πολλὴν
1044 716 1270 765 ἐνεδείξατο
1303 714 1488 772 σπουδήν
1514 712 1722 774 Ἀκαρνα-

287 783 381 831 νίας
411 783 529 825 ἓνεκα
554 780 625 822 καί
659 782 906 833 Θετταλιάς,
949 781 1021 822 καί
1044 777 1245 836 στρατιάν
1274 779 1463 824 α’ποόλεσε
1490 781 1645 838 πολλήν
1665 776 1774 827 ιτεκ)

287 849 360 890 καί
387 845 554 902 ἀγαθήν
586 846 780 896 πολλάκις
816 844 888 888 καί
907 845 1176 899 θαυμασίους
1198 845 1459 903 στρατηγούς
1492 843 1724 904 ’.Ακαρνάσι

285 915 358 955 καί
381 914 604 962 Θετταλοῖς
626 913 837 965 πολεμῶν·
893 909 965 952 καί
996 914 1087 963 μετ’
1125 907 1253 954 αὐτὸν
1283 908 1541 967 Ἀνδρόνικος
1560 912 1585 955 ὅ
1613 911 1719 964 υἱός.

284 977 419 1035 τούτῳ
453 978 499 1018 δὲ
534 976 652 1031 ὄλίγα
687 978 1099 1034 πραγματευσαμένῳ
1132 975 1209 1018 καὶ
1244 972 1376 1019 οὐδὲν
1394 975 1619 1022 ὑποστάντι
1648 976 1718 1021 διὀὶ

283 1041 356 1086 τὸν
379 1040 556 1096 πόλεμον
576 1041 728 1095 δεινὸν,
765 1041 816 1083 οὗ
841 1042 970 1094 μόνον
1000 1039 1301 1098 Ἀκαρνανίαν,
1336 1039 1441 1085 ἄλλα
1464 1042 1721 1086 natentu-

284 1107 378 1150 λίαν
398 1107 599 1163 ἐξεγένετο
627 1106 980 1163 παραστήσασθαι
996 1109 1067 1149 καί
1087 1109 1140 1164 τῇ
1166 1108 1286 1164 λοιπῇ
1305 1107 1494 1162 συνάψαι
1522 1108 1772 1168 ἧγεμονίᾳιὸ

287 1175 341 1230 τῇ
365 1173 592 1227 εΡωμαίων
619 1175 685 1216 ἐπ’
712 1172 820 1216 ἔτεσι
845 1176 1009 1222 πολλοῖς
1030 1172 1345 1228 α’ποτμηθέντα.
1403 1176 1561 1218 ἐκεῖθεν
1591 1175 1639 1217 δὲ
1655 1170 1717 1231 >οὗ

168 1237 395 1287 Ρ,307’πολῦ
431 1235 608 1295 ’ὕστερον
642 1233 736 1293 ἧκεν
763 1239 823 1286 εἷς
851 1238 1226 1294 Ἀδριανούπολιν.
1268 1237 1530 1295 διατριβοντί
1559 1254 1605 1281 τε
1633 1239 1726 1282 ἐκεῖ

288 1302 309 1346 ὃ
337 1306 417 1346 τῶν
445 1306 614 1346 Μυσῶν
661 1301 857 1357 βασιλεὺς
889 1303 1164 1359 Ἀλέξανδρος
1201 1302 1362 1359 ἔπεμψε
1392 1302 1614 1360 πρεσβείαν
1658 1299 1717 1348 ὧν
1786 1308 1788 1317 ¹

285 1367 390 1424 πρὸς
411 1365 538 1412 αὐτὸν
564 1371 610 1412 ἐν
637 1369 935 1424 Ῥωσοκάστρῳ
958 1368 1055 1422 περὶ
1079 1370 1152 1409 τοῦ
1174 1368 1323 1423 κήδους
1355 1369 1569 1425 διειλέχθη
1589 1368 1716 1424 λόγων

286 1430 339 1477 ἂν
358 1432 690 1489 ἀναμιμνήσκων,
707 1432 804 1476 νυνί
824 1449 869 1475 τε
886 1434 926 1474 εἰ
944 1431 1050 1474 κατὰ
1075 1433 1239 1488 γνώμην
1259 1430 1375 1492 minii
1396 1433 1459 1490 εἴη
1476 1435 1549 1490 τὴν
1572 1436 1769 1491 &aya-20

285 1501 387 1553 μίαν
415 1502 627 1541 ποιεῖσθαι
654 1500 807 1541 εἰδέναι
836 1496 985 1549 ἆξιῶν.
1041 1502 1207 1553 βασιλεῖ
1237 1500 1284 1540 δὲ
1317 1500 1437 1542 τοῦτο
1465 1500 1544 1552 μὲν
1565 1500 1639 1543 οὐκ
1663 1495 1715 1556 ἦν

286 1569 381 1607 καθ’
412 1562 576 1619 ἡδονήν.
628 1566 786 1617 μᾶλλον
820 1563 899 1620 γάρ
936 1564 1130 1618 ἐβούλετο
1158 1562 1231 1620 τήν
1256 1566 1468 1621 θυγατέρα
1494 1563 1599 1607 οἴκοι
1621 1567 1716 1608 δια-

283 1629 452 1686 τρίβειν,
483 1625 512 1684 ἢ
536 1626 807 1684 Ἀλεξάνδρου
827 1631 885 1687 τῷ
908 1628 997 1670 υἱεῖ
1019 1631 1079 1678 εἰς
1098 1630 1312 1671 κοινωνίαν
1334 1627 1540 1672 ἐκδιδόναι
1559 1629 1712 1687 γάμου,

283 1694 360 1751 τήν
384 1693 499 1750 παρὰ
521 1700 607 1743 τοῖς
627 1695 853 1751 βαρβάροις
881 1693 1101 1752 διατριβήν
1127 1693 1249 1744 εἰδώς
1276 1694 1352 1737 οὔκ
1380 1695 1580 1750 ἐσομένην
1606 1694 1711 1753 πρὸς

379 1785 432 1819 ¹9-
457 1772 706 1820 ἄμιμνήσκων
728 1773 925 1819 legebatur.

286 1841 378 1876 duce
404 1846 661 1887 protostratore
676 1841 864 1885 Synadeno
890 1840 1089 1883 declarato,
1116 1844 1153 1876 et
1177 1841 1257 1876 aliis
1282 1840 1425 1876 demum
1448 1841 1614 1876 omnibus
1638 1853 1706 1889 pro

286 1889 436 1922 arbitrio
470 1888 747 1929 administratis,
784 1887 1073 1923 Thessalonicam
1100 1887 1282 1923 discessit:
1318 1889 1477 1934 gaudens
1519 1888 1628 1922 simul
1665 1900 1707 1923 ac

284 1936 362 1968 Deo
388 1935 588 1979 gratulans,
618 1935 785 1981 quoniam
811 1934 908 1980 quod
932 1946 951 1967 a
977 1937 1132 1968 Romano
1157 1936 1332 1980 imperi0,
1357 1935 1467 1981 idque
1489 1935 1555 1968 sub
1580 1935 1706 1969 Alexio

284 1981 420 2026 Angelo
447 1982 556 2014 semel
579 1981 794 2014 abstractum
811 2006 820 2023 ‚
844 1981 968 2014 multis
992 1981 1191 2025 sumptibus
1225 1986 1262 2015 et
1285 1980 1605 2027 defatigationibus
1629 1992 1707 2014 ma-

285 2029 379 2061 iores
411 2028 468 2060 sui
489 2029 722 2072 imperatores
745 2036 954 2072 recuperare
986 2027 1244 2073 nequiverant,
1277 2027 1316 2061 id
1341 2039 1437 2061 nunc
1459 2028 1538 2062 sine
1562 2027 1705 2061 bellicis

286 2074 545 2107 offensionibus
580 2085 751 2119 prospero
788 2084 949 2106 successu
988 2074 1160 2118 perficere
1192 2074 1264 2107 sibi
1295 2074 1490 2108 annuisset.
1546 2073 1636 2106 Nam
1668 2079 1707 2108 et

284 2118 461 2160 Michael,
487 2121 550 2165 qui
574 2131 618 2153 ex
641 2120 862 2164 Palaeologis
883 2120 1018 2166 primus
1042 2121 1252 2165 imperavit,
1275 2120 1494 2154 Acarnaniae
1528 2125 1565 2153 et
1588 2118 1706 2154 Thes-

282 2167 392 2199 saliae
416 2177 520 2199 causa
546 2168 651 2199 enixe
675 2166 874 2207 laboravit,
915 2167 978 2211 qui
1011 2171 1048 2200 et
1071 2178 1214 2211 magnos
1238 2177 1344 2211 saepe
1378 2172 1415 2200 et
1450 2170 1612 2199 strenuos
1639 2177 1705 2200 ex-

284 2214 416 2246 ercitus
461 2213 682 2258 eximiosque
726 2213 834 2245 duces
864 2223 944 2245 cum
979 2212 1223 2246 Acarnanibus
1256 2218 1293 2246 et
1319 2211 1497 2246 Thessalis
1521 2211 1704 2257 depraeli-

284 2258 379 2292 ando
405 2258 586 2302 perdidit:
612 2263 647 2291 et
673 2264 755 2303 post
781 2260 884 2292 illum
911 2258 1133 2292 Andronicus
1161 2260 1268 2293 filius.
1326 2258 1419 2291 Huic
1442 2264 1560 2292 autem
1593 2270 1703 2303 parva

282 2304 472 2338 molitione
517 2310 553 2338 et
586 2305 680 2338 nihil
705 2305 793 2338 belli
819 2315 923 2338 causa
950 2303 1077 2337 durum
1102 2305 1322 2350 perferenti,
1357 2315 1429 2338 non
1455 2305 1571 2337 solum
1594 2305 1702 2338 Acar-

280 2352 448 2390 naniam,
473 2351 536 2384 sed
561 2351 779 2385 Thessaliam
815 2361 960 2397 quoque
985 2351 1173 2396 subigere,
1207 2357 1243 2385 et
1265 2352 1335 2384 iam
1359 2349 1498 2395 pridem
1522 2352 1700 2384 seiunctas

281 2397 483 2442 provincias
522 2409 602 2431 cum
627 2398 767 2442 reliquo
799 2399 949 2442 imperio
977 2398 1132 2431 Romano
1170 2397 1288 2431 denuo
1312 2398 1514 2431 consociare
1538 2397 1700 2441 contigit.

278 2444 387 2477 Paulo
411 2448 494 2487 post
515 2443 774 2488 Adrianopolin
799 2456 836 2477 se
862 2444 1034 2484 contulit,
1075 2444 1140 2478 ubi
1162 2444 1363 2477 Moesorum
1387 2453 1450 2476 rex
1475 2442 1698 2484 Alexander,

278 2490 489 2530 verborum,
515 2500 607 2536 quae
633 2489 855 2523 Rhosocastri
879 2490 925 2523 ad
951 2501 1031 2522 eum
1055 2501 1162 2535 super
1185 2489 1355 2523 affinitate
1380 2489 1589 2528 habuisset,
1622 2499 1700 2522 me·

277 2537 429 2570 moriam
454 2536 488 2568 ei
509 2547 573 2580 per
603 2537 736 2581 legatos
764 2536 1040 2581 redintegravit:
1065 2537 1195 2569 certior
1221 2547 1265 2568 ue
1301 2535 1380 2568 fieri
1404 2535 1543 2575 voluit,
1568 2534 1699 2580 ecquid

278 2581 347 2615 hoc
381 2582 650 2615 matrimonium
689 2583 723 2615 ei
760 2582 857 2616 cordi
881 2587 985 2615 esset.
1033 2582 1178 2626 Legatio
1196 2547 1300 2614 (diaeo
1334 2583 1542 2625 imperatori
1573 2591 1713 2625 parum*

279 2627 435 2661 iucunda
469 2628 558 2662 fuit:
597 2629 708 2662 filiam
742 2630 876 2674 quippe
914 2639 1012 2661 suam
1038 2628 1135 2661 domi
1158 2629 1333 2667 retinere,
1370 2639 1475 2672 quam
1503 2626 1696 2661 Alexandri

275 2675 352 2709 filio
377 2676 416 2708 in
442 2676 725 2709 communionem
749 2673 844 2708 thori
881 2675 1022 2708 tradere
1062 2675 1266 2709 maluisset:
1292 2684 1371 2707 cum
1398 2674 1516 2715 sciret,
1541 2674 1695 2718 puellae,
