1820 3164
300 78 432 172 496'
827 110 1194 174 emmenum
1240 125 1243 129 »

108 226 190 272 ΔΛ)
212 219 421 264 :assotum
443 211 547 272 πρὸς
568 210 868 276 τῆν”ἒσπέραν,
910 214 1131 256 ἐλπίσαντα
1159 211 1436 271 Ἀκαρνανιῖιν
1458 213 1724 270 ὖποποιὴσειύ

302 278 452 337 ἑαυτῷ.
504 280 675 321 τοιαῦτα
712 279 757 320 δὲ
778 278 1062 335 βουλευομένῳ
1104 280 1177 320 καὶ
1204 279 1449 334 συμμαχῶν
1473 276 1607 321 ἐδόκει
1637 281 1724 322 δεῖν

301 346 346 396 ἐξ
373 342 529 392 Ἰωνίας
550 345 892 396 μεταπέμπεσθαι
913 342 1130 399 Περσικήν
1167 346 1285 386 ἕνεκα
1302 347 1385 388 τῶν
1415 345 1724 403 Ἀλβανῶνςπε·

178 429 214 466 Ρ,
228 429 295 466 302
305 407 399 463 ζήν.
453 402 528 463 ’όρη
558 406 636 463 γὰρ
671 407 936 463 δυσπρόσοδα
961 407 1178 462 νεμόμενοι
1202 406 1274 450 καὶ
1298 408 1458 464 μεγάλα
1483 408 1556 451 καὶ
1569 407 1725 460 πολλᾶς

300 473 448 529 ἔχοντα
471 470 688 529 ἀποφυγὰς
711 472 784 514 καί
801 471 1069 527 καταδύσεις,
1102 468 1151 515 οὗ
1175 472 1330 531 ῥᾳδίως
1356 473 1436 516 ὖπὸ
1463 470 1544 518 τῶν
1563 473 1752 519 ἵππέωνό

300 538 563 595 βλάπτεσθαι
587 538 806 592 ἐδύναντο,
847 537 919 580 καί
936 536 1120 592 μάλιστα
1151 540 1197 581 ἐν
1216 538 1335 595 θέρει
1355 540 1414 588 εἷς
1436 537 1493 594 ’τοὶἐ
1519 539 1729 597 οἷκρότατα

302 603 487 653 ἀνιόντες
519 605 602 646 τῶν
633 600 764 660 ὄρῶν,
815 598 917 645 ὅπου
958 601 1029 645 καὶ
1055 605 1190 655 πεζοῖς
1221 599 1522 656 ἀντιτάξασθαι
1555 605 1632 648 οὔκ
1658 601 1730 646 εὗ-

298 672 422 727 χερὲς
463 667 534 712 διά
578 667 653 724 τὴν
691 665 922 726 ὀχυρότητα
965 671 1042 712 τοῦ
1079 669 1208 712 τόπου
1243 667 1316 711 καὶ
1340 667 1386 712 τὸ
1413 668 1518 726 ὑπὲρ
1548 670 1730 728 κεφαλῆς

302 734 404 785 τούς
431 734 618 785 ἐπιόντας
642 733 738 784 τούς
764 734 1050 789 ἀμυνομένους
1083 734 1270 790 βάλλειν.
1324 737 1396 777 καί
1425 736 1597 788 πέμψας
1624 733 1730 792 πρὸς

296 797 461 857 ’,Αμούρ
474 833 486 855 ,
518 800 654 858 ᾐτεῖτο
677 799 922 854 συμμαχίαν
944 800 1085 856 πεζήν.
1139 797 1161 841 ὅ
1183 802 1230 842 δὲ
1255 795 1431 854 ἄσμενός
1453 815 1514 843 τε.
1530 800 1801 857 προσεδέ-ῐο.

305 870 402 919 ξατο
421 863 498 921 τήν
519 865 739 921 πρεσβείαν
761 867 977 920 βασιλέως,
1015 860 1085 922 (ἦν
1101 865 1179 922 γὰρ
1211 860 1321 921 ἄγων
1344 868 1442 923 περὶ
1465 865 1660 909 πλείστου
1681 864 1730 909 τὸ

305 930 412 974 κατὰ
432 928 596 986 γνώμην
613 948 654 972 τι
674 931 877 984 βασιλέως
904 931 1095 988 πράττειν
1106 933 1139 988 ,)
1185 930 1258 973 καί
1277 929 1350 987 τὴν
1376 929 1571 988 στρατιὰν
1602 927 1733 981 εὗθῦς

307 994 488 1050 ἔπεμπεν
508 997 567 1044 εἰς
592 997 914 1051 Θεσσαλονίκην.
969 995 1060 1038 ἐπεὶ
1087 998 1134 1039 δὲ
1164 998 1237 1039 καί
1259 996 1284 1038 ὅ
1307 994 1504 1050 βασιλευς
1520 994 1595 1052 τὴν
1621 995 1734 1039 Ῥω·-

267 1065 445 1116 Βμαίων
465 1056 577 1116 οἷ’γων
602 1059 802 1117 στρατιὰν
824 1061 996 1118 ἄφίκετο
1021 1063 1118 1116 ἐκεῖ,
1158 1063 1231 1104 καί
1259 1059 1332 1118 τὴν
1351 1059 1564 1119 Περσικὴν
1593 1077 1733 1118 παρα-

116 1140 207 1179 A,c.
224 1124 451 1183 ι336λαβών
472 1125 541 1168 διὰ
568 1125 790 1176 Θετταλίας
808 1127 879 1170 ἐπὶ
905 1124 1135 1182 Ἀλβανοὺς
1158 1125 1329 1184 ἐχώρει.
1380 1129 1453 1170 καί
1470 1128 1600 1184 μέχρι
1622 1122 1787 1171 'Eut-15

309 1194 468 1247 δάμνου
504 1188 609 1248 ἦλθε
642 1191 880 1247 ληϊζόμενος
907 1189 1082 1242 αὐτούς.
1138 1191 1430 1250 διεφθάρησαν
1460 1208 1504 1236 τε
1524 1193 1570 1245 ἐξ
1597 1191 1736 1235 aeras

308 1257 473 1302 πολλοί.
527 1256 754 1310 πυθόμενοι
779 1256 856 1314 γάρ
889 1256 964 1314 τὴν
993 1260 1197 1313 βασιλέως
1219 1257 1372 1315 ἔφοδον
1403 1256 1476 1300 καὶ
1496 1259 1736 1311 νομίσαντες

309 1322 438 1378 μόνην
464 1324 510 1364 ἐκ
525 1320 740 1375 Ῥωμαάον
759 1321 928 1379 ἱππικὴν
947 1320 1054 1366 εἶναι
1078 1321 1291 1380 στρατιὰν,
1314 1321 1415 1380 πρὸς
1444 1322 1498 1366 τὰ
1520 1317 1594 1379 ῧρη
1615 1323 1738 1365 κατέ-

312 1404 443 1445 φυγον
463 1386 537 1429 καί
553 1386 630 1436 τὰς
654 1387 903 1443 δυσχωρίας,
933 1386 1111 1441 οἰόμενοι
1137 1380 1437 1444 διαφεύξεσθαι
1452 1387 1525 1431 τὸν
1548 1382 1737 1445 ὄλεθρον.

309 1452 550 1502 ἐπελθόντες
577 1454 623 1494 δὲ
651 1449 689 1493 οἶ
716 1453 886 1507 Πέρσαι
912 1452 1036 1507 ψιλοί
1055 1469 1098 1495 τε
1119 1447 1230 1503 ὄντες
1256 1452 1330 1495 καί
1353 1451 1538 1507 τοξόται,
1574 1449 1635 1504 οἷς
1651 1451 1790 1507 ,ud-20

185 1527 228 1566 V.
242 1528 309 1574 242
318 1515 436 1561 λιστά
453 1519 538 1560 ἐστι
564 1516 687 1574 ῥᾳδία
707 1516 733 1572 ἦ
757 1516 862 1573 πρὸς
882 1516 958 1568 τὰς
982 1518 1220 1574 δυσχωρίας
1240 1517 1370 1573 μάχη,
1400 1516 1528 1575 ῥᾷστά
1548 1533 1592 1560 τε
1613 1517 1739 1573 ἐκρά-

310 1598 441 1639 τησαν
465 1581 604 1624 αὐτῶν
638 1580 688 1622 οὗ
720 1581 850 1635 μόνον
881 1580 950 1624 διὰ
972 1581 1018 1623 τὸ
1055 1580 1237 1631 ἀόπλους
1260 1577 1383 1631 ὄντας
1402 1581 1618 1639 πόρ’ῥωθεν
1633 1586 1739 1638 βαλ-

312 1650 512 1703 λομένους
541 1645 718 1700 πίπτειν,
746 1645 851 1689 ἄλλα
878 1649 950 1690 καί
978 1647 1048 1690 διὰ
1073 1645 1120 1690 τὸ
1147 1642 1276 1702 ἄηθες
1302 1648 1631 1703 καταπλαγέντας
1655 1648 1739 1691 τῶν

411 1760 440 1784 1.
487 1745 692 1783 ἐλπίσαντα
718 1751 815 1782 recte
835 1746 891 1783 etl.
917 1746 961 1783 V.
985 1757 1051 1795 pro
1076 1747 1249 1786 ἐλπίσαν.

317 1849 463 1885 sperans
485 1849 522 1872 se
538 1837 770 1872 Acarnaniam
788 1837 833 1871 ad
863 1837 969 1871 fidem
993 1842 1030 1871 et
1045 1837 1235 1883 imperium
1255 1848 1357 1872 suum
1374 1837 1613 1872 reducturum.
1640 1836 1739 1873 Haec

316 1897 440 1920 secum
459 1884 648 1919 meditanti
666 1886 774 1919 etiam
797 1885 970 1918 auxilium
994 1885 1194 1926 Persicum,
1219 1889 1255 1918 et
1283 1884 1450 1930 pedestre
1473 1884 1619 1931 quidem
1651 1896 1738 1930 pro—

317 1938 400 1977 pter
423 1932 602 1972 Albanos,
637 1943 680 1964 ex
711 1932 813 1964 Ionia
836 1932 951 1965 visum
978 1936 1032 1964 est
1063 1931 1324 1964 accersendum.
1371 1930 1473 1964 Nam.
1515 1932 1575 1965 uia
1596 1937 1737 1965 montes

317 1978 529 2013 incolebant
549 1989 691 2022 magnos
712 1988 925 2023 accessuque
944 1976 1109 2010 difficiles
1123 2002 1132 2018 ,
1156 1978 1195 2010 in
1218 1977 1347 2023 quibus
1366 1978 1479 2011 multa
1515 1978 1651 2011 atibula
1679 1983 1737 2011 at·

319 2036 392 2071 que
418 2025 593 2070 perfugia,
618 2023 715 2057 haud
737 2024 843 2057 facile
864 2023 909 2056 ab
933 2024 1117 2069 equitibus
1135 2022 1371 2058 laedebantur
1385 2049 1395 2066 ,
1418 2023 1560 2058 aestivis
1580 2034 1740 2069 praeser-

319 2072 389 2104 tim
411 2071 614 2111 mensibus,
640 2082 717 2104 cum
734 2071 817 2115 iuga
835 2081 972 2103 summa
998 2070 1295 2112 conscenderent,
1320 2070 1386 2104 ubi
1411 2070 1469 2103 vel
1486 2070 1668 2114 peditatus
1691 2070 1739 2104 oh

320 2117 394 2150 loci
412 2117 533 2150 nativa
556 2117 795 2157 munimenta,
820 2122 857 2150 et
882 2112 979 2161 quo‘d
999 2116 1229 2149 subeuntium
1253 2117 1375 2162 capita.
1396 2116 1486 2159 saxis
1511 2127 1531 2150 e
1555 2117 1746 2161 superiore:

320 2162 402 2197 loco
420 2174 440 2195 a
460 2162 782 2207 propugnatoribus
796 2168 980 2208 petuntur,
1004 2174 1077 2196 non
1096 2162 1279 2196 commode
1298 2173 1452 2208 pugnare
1465 2167 1594 2208 potest.
1620 2162 1740 2208 Quare

321 2208 508 2243 Amurium
527 2208 692 2252 pedestre
711 2209 910 2243 subsidium
929 2214 1040 2254 rogat.
1064 2209 1096 2242 Is
1113 2209 1268 2254 legatum
1287 2210 1389 2243 audit
1407 2209 1612 2242 humaniter
1630 2208 1741 2254 (nihil

322 2254 502 2300 siquidem
526 2255 560 2287 ei
581 2255 775 2299 optabilius
790 2281 799 2297 ‚
834 2267 942 2302 quam
966 2257 1173 2300 imperatori
1198 2261 1333 2300 gratum
1357 2254 1489 2300 facere)
1523 2260 1560 2288 et
1587 2256 1739 2288 militem

323 2301 488 2347 protinus
518 2300 807 2335 Thessalonicam
835 2303 959 2335 mittit.
1018 2302 1207 2346 Postquam
1234 2307 1270 2335 et
1297 2302 1374 2346 ipse
1394 2301 1586 2345 imperator
1611 2302 1740 2335 Roma-

324 2358 390 2382 nos
415 2346 546 2380 ducens
571 2358 613 2382 eo
635 2349 746 2388 venit,
770 2348 909 2382 Persico
934 2348 1182 2393 supplemento
1207 2353 1407 2392 assumpto,
1431 2359 1494 2392 per
1518 2347 1741 2387 Thessaliam

325 2398 450 2426 contra
472 2393 626 2427 Albanos
653 2395 838 2428 contendit
876 2405 1007 2440 eosque
1039 2395 1195 2428 vicissim
1229 2394 1478 2438 depopulando
1503 2394 1740 2439 Epidamnum

325 2440 497 2483 accessit5
520 2450 587 2472 nec
607 2441 713 2484 pauci
737 2452 780 2473 ex
805 2441 856 2473 eis
882 2442 1090 2485 interempti
1114 2445 1206 2473 sunt.
1253 2439 1385 2474 Audito
1406 2441 1500 2474 enim
1515 2440 1737 2484 imperatoris

325 2485 504 2526 adventu,
538 2487 606 2519 rati
630 2487 876 2520 tantummodo
903 2489 1099 2532 equitatum
1124 2487 1317 2520 Romanum
1340 2497 1436 2526 esse,
1471 2485 1517 2519 ad
1540 2491 1678 2520 montes
1702 2490 1739 2520 et

324 2531 404 2569 loca
432 2530 604 2576 impedita
640 2533 892 2577 confugerunt,
928 2533 992 2566 ubi
1022 2544 1059 2567 se
1081 2532 1125 2565 ab
1151 2534 1270 2567 exitio.
1286 2537 1382 2566 tutos
1406 2532 1482 2566 fore
1501 2532 1740 2570 confidebant.

325 2577 459 2613 Verum
474 2578 762 2622 supervenientes
781 2580 904 2612 Persae
928 2580 1016 2613 levis
1036 2585 1231 2612 armaturae
1253 2584 1290 2613 et
1313 2579 1498 2622 sagittarii,
1549 2579 1653 2612 uibus
1670 2589 1740 2623 pu-

326 2634 434 2668 gnare
453 2623 602 2662 in-locis
626 2624 731 2657 inviis
755 2625 1058 2669 promptissimum
1071 2630 1144 2666 est,
1168 2625 1267 2659 nullo
1287 2636 1347 2659 eos
1366 2625 1507 2670 negotio
1548 2625 1738 2659 evicerunt:

326 2680 401 2706 non
419 2669 533 2706 solum
555 2670 896 2716 quodcuminermes
912 2676 1041 2714 essent,
1065 2672 1190 2717 procul
1206 2672 1269 2706 icti
1283 2671 1534 2707 concidebant:
1559 2671 1740 2706 sedetiam
