1832 3132
519 113 898 157 ffls'romARUM
933 116 985 155 11.
1014 119 1083 164 19.
1395 97 1434 164 4
1447 119 1463 152 ι
1481 117 1508 171 7

67 218 155 262 τών
180 213 509 276 vim-Qum·
531 218 604 258 καί
637 211 964 272 ἇπραγμοσύνην
995 215 1318 271 καταγινώσκειν
1346 215 1510 261 ἑαυτῶν
1520 219 1559 255 A·
1576 221 1712 268 C-1329

8 315 12 318 .
67 283 281 341 “em
312 279 555 340 παράσχῃ.”
615 281 781 324 Τούτων
813 277 945 331 οὕτως
979 282 1231 338 εἰρημένων,
1272 282 1458 327 ἐπείθετο
1489 284 1660 334 ὁῩΛο5,

0 337 1 393 i
68 346 266 404 βασιλεὺς
292 346 374 390 καὶ
400 346 459 397 ὥς
482 349 619 398 καλῶς
643 346 795 401 ἔχοντα
822 348 988 404 ἐπῄνει,
1024 349 1225 403 ἐπέτρεπέ
1249 365 1292 392 τε
1313 350 1513 404 βουλεύε-

71 417 182 462 σθαι
199 412 300 471 περὶ
318 412 466 458 αὐτοῦ.
524 411 546 455 ὅ
571 415 703 468 μέγας
739 415 785 456 δὲ
819 415 1057 466 δομέστικος
1084 412 1163 462 τὰς
1200 415 1340 465 αἰτίας
1363 417 1515 473 πρότε-

42 485 156 539 ὅρον7
179 479 338 538 ἔφασκε
369 482 525 534 μαθεῖν
550 481 733 534 ἐθέλειν,
769 481 814 530 ἐξ
839 475 899 522 ὧν
933 480 992 529 εἷς
1022 481 1145 522 τοῦτο
1171 482 1386 539 έναχθείη.
1441 481 1520 528 κᾶν

28 544 33 556 ”
68 548 151 602 μὲν
180 545 256 589 καὶ
278 546 394 603 mitrii
425 544 546 601 λόγον
571 545 746 601 ἔχουσαι
771 547 927 588 δοκοῖεν
949 544 1022 588 καὶ
1045 547 1206 589 πείθειν
1236 547 1434 604 ἰσχυραὶ,
1476 554 1524 593 τί

68 610 155 668 χρὴ
193 614 427 668 περαιτέρω
461 618 600 655 πονεῖν
636 614 727 670 εἰκῇ
756 613 1088 667 βουλευομένους
1098 629 1112 665 ,·
1167 610 1214 655 τὸ
1249 613 1407 657 κωλύον
1438 615 1517 674 γὰρ

68 678 196 722 οὐδὲν
222 675 276 723 τὰ
293 679 431 727 καλῶς
452 679 656 720 δοκοῦντα
678 676 790 732 ἔχειν
811 683 958 720 ποιεῖν.
998 673 1059 737 ἂνΙ
1075 679 1122 719 δ’
1148 672 1235 734 ἄρα
1255 678 1315 735 μή
1341 683 1520 724 τοιαῦτα

73 745 310 801 φαίνοιντο,
337 741 464 787 πάλιν
485 743 617 786 αὐτὸν
636 745 681 796 ἐξ
703 740 987 800 ἀντιστρόφου
1012 745 1066 785 δι’
1095 741 1124 786 ἃ
1138 742 1198 800 μή
1217 744 1420 799 λογίζοιτο
1443 748 1523 788 αὓ-

21 807 145 860 ιοτύς
170 813 398 853 λυσιτελεῖν
418 808 493 867 τὴν
512 813 678 867 πρᾶξιν,
704 812 961 867 προτιθέναι.
989 806 1067 852 κᾶν
1084 812 1163 863 μὲν
1187 813 1263 854 τοῦ
1291 810 1427 868 ὀρθῶς
1448 816 1555 857 καίΟ

73 874 246 925 δικαίως
264 874 431 930 ἔχοντος
451 875 654 933 φαίνηται
677 875 857 933 ἦμμένα,
881 875 1115 918 πείθεσθαί
1129 892 1172 918 τε
1190 875 1317 919 αὐτὸν
1334 881 1407 920 καί
1419 878 1525 935 α’φί-

72 944 261 985 σπασθαι
279 944 355 986 τοῦ
368 939 428 998 μὴ
447 941 502 984 τὰ
530 943 678 986 δέοντα
696 948 844 984 ποιεῖν·
867 940 942 985 ἐὰν
960 944 1006 984 δὲ
1030 943 1180 991 ἐνδεῶς
1203 939 1231 998 ἢ
1254 939 1362 985 ὥστε
1396 944 1527 988 δυ’να-

73 1009 370 1051 camuel-‘im
390 1006 521 1063 ἔχωσι
544 1007 618 1051 καὶ
639 1004 889 1063 ἀγχώμαλος
921 1008 949 1063 ἦ
970 1007 1089 1063 μάχη
1115 1011 1313 1066 καταστῇ,
1341 1009 1426 1052 τότ’
1447 1009 1527 1052 αὗ-

73 1072 146 1117 τὸν
171 1075 245 1130 τῆς
262 1073 376 1130 νίκης
409 1074 526 1134 αὐτῷ
547 1079 802 1131 προχωρεῖν,
830 1071 969 1130 ὥσπερ
1007 1076 1108 1124 τοὺς
1138 1071 1417 1131 Ἀθηναίους,
1454 1079 1527 1132 τῆς

24 1136 257 1196 ιὸῗΑθηνᾶς
279 1143 607 1197 προστιθεμένης
629 1140 793 1197 ψήφου,
823 1140 939 1195 λόγος
962 1148 1108 1184 ποιεῖν.
1161 1144 1289 1196 τριῶν
1324 1143 1370 1184 δὲ
1398 1137 1528 1185 ὄντων

75 1202 104 1248 ἃ
129 1201 183 1248 ἄν
215 1221 263 1249 σε
290 1205 477 1260 μάλιστα
507 1206 678 1249 δύναιτο
705 1204 807 1261 πρὸς
832 1209 1112 1260 μεταμέλειαν
1134 1209 1218 1249 τῶν
1248 1210 1527 1263 γεγενημένων

74 1269 265 1327 ἐνάγειν,
308 1274 387 1317 τοῦ
411 1287 457 1324 τε
495 1271 555 1328 μή
581 1271 751 1321 δικαίως
780 1274 916 1314 δοκεῖν
941 1274 1216 1327 πεπρᾶχθαι,
1262 1274 1335 1315 καί
1362 1276 1436 1315 τοῦ
1464 1272 1524 1329 μὴ

75 1343 163 1388 τοῖς
182 1335 402 1394 πράγμασι
421 1336 763 1391 λυσιτελούντως,
794 1340 868 1380 καί
889 1339 1048 1394 τρίτου,
1077 1340 1155 1379 τοῦ
1181 1355 1275 1380 τινα
1301 1341 1383 1382 τῶν
1411 1337 1528 1381 δεόν-

76 1418 162 1445 των
181 1404 376 1458 γίνεσθαι
401 1403 651 1457 ἀμελεῖσθαι
686 1401 758 1446 διὰ
791 1403 838 1446 τὸ
863 1402 924 1459 μὴ
954 1405 1130 1458 βασιλέα
1161 1410 1249 1453 τοῖς
1285 1404 1527 1461 πράγμασιν

13 1465 327 1524 ιβοέφεστῶναι,
358 1466 616 1523 σκεψώμεθα
648 1472 821 1512 ἕκαστον
848 1466 1000 1516 αὐτῶν,
1059 1468 1132 1511 καί
1154 1469 1321 1525 πρῶτόν
1347 1486 1393 1526 γε
1421 1470 1568 1514 πάν-1)

75 1549 147 1585 τες,
167 1530 221 1577 ἂν
248 1534 346 1588 ἐμοὶ
381 1541 597 1592 συμφαῖεν
621 1535 680 1584 ώς
709 1537 891 1589 μάλιστα
921 1537 1154 1590 πέπρακται
1185 1537 1368 1586 δικαίως.
1424 1533 1530 1592 πρό-

71 1599 199 1658 τερόν
218 1616 266 1643 τε
285 1599 364 1657 γὰρ
396 1598 526 1651 αὐτὸς
542 1601 619 1643 οὔκ
636 1595 767 1658 ἧρξας
786 1601 984 1655 πολέμου,
1009 1599 1101 1644 ἀλλ’
1125 1599 1209 1643 ὑπὸ
1233 1604 1315 1644 τῶν
1334 1600 1530 1659 πραγμά-

171 1723 230 1751 2¹.
255 1709 412 1761 δικαίως
434 1711 508 1746 ED.
533 1713 568 1747 P.
593 1723 660 1758 pro
685 1711 804 1746 δίκαι.

79 1823 226 1860 modum
249 1825 480 1871 inopinatum
510 1823 698 1871 quidpiam
722 1824 913 1864 acciderit,
943 1824 1074 1871 (multa
1110 1831 1229 1859 autem
1254 1825 1417 1860 accidere
1439 1838 1531 1873 que·-

80 1873 185 1919 ant‚)
208 1872 248 1906 id
271 1877 309 1905 et
327 1872 410 1906 aliis
434 1877 471 1906 et
490 1877 574 1906 unte
599 1872 690 1905 alios
708 1871 981 1916 nobismetipsis
1006 1872 1052 1905 ad
1069 1874 1309 1907 temeritatem
1340 1874 1532 1908 inertiam-

81 1930 156 1965 que
174 1924 334 1953 nostram
357 1918 666 1953 condemnandam
691 1919 752 1952 fiat
775 1920 926 1952 occasio.
975 1920 1083 1952 Dicta
1107 1920 1322 1964 approbavit
1337 1922 1536 1966 imperator

82 1970 121 2000 et
141 1966 328 2012 negotium
355 1967 614 2000 consultationi
646 1967 821 2011 permisit.
874 1966 921 2000 At
944 1977 1092 2011 magnus
1110 1965 1328 2001 domesticus
1349 1973 1534 2001 momenta

81 2014 183 2060 prius
199 2024 306 2047 nosse
332 2011 574 2054 desideravit,
600 2013 733 2059 quibus
753 2018 870 2046 motus
897 2012 936 2046 in
965 2013 1059 2046 hanc
1077 2014 1299 2047 voluntatem
1322 2013 1533 2048 descendis-

81 2066 157 2095 set:
182 2071 276 2107 quae
290 2060 320 2093 si
338 2059 412 2093 sibi
431 2071 577 2107 quoque
595 2059 695 2093 haud
719 2060 874 2093 absurda
901 2060 1002 2094 etad
1025 2060 1133 2093 fidem
1157 2061 1278 2093 valida
1299 2061 1533 2101 videbuntur,

81 2108 179 2141 ultra
200 2117 277 2142 non
303 2107 400 2148 sore,
437 2118 499 2140 cur
530 2107 569 2141 in
599 2107 838 2141 consultando
867 2118 977 2152 opera
1010 2108 1138 2141 frustra
1162 2113 1411 2151 consumatur-3
1437 2107 1534 2141 nihil

85 2155 181 2188 enim
204 2153 452 2195 obstaturum,
478 2154 568 2200 quin
583 2179 593 2195 ‚
621 2165 713 2199 quae
738 2154 833 2187 bene
850 2153 983 2188 habere
1002 2155 1076 2188 visa
1102 2154 1194 2194 sint,
1218 2160 1443 2199 peragantur.
1494 2155 1534 2188 Si

82 2212 170 2235 vero
192 2201 283 2235 talia
305 2212 380 2234 non
404 2201 655 2246 reperientur,
680 2206 755 2234 tum
773 2201 930 2234 vicissim
956 2212 1000 2234 ex
1034 2201 1144 2235 altera
1157 2206 1259 2246 parte
1283 2213 1322 2234 se
1351 2202 1533 2243 rationes,

82 2253 233 2294 propter
265 2259 353 2294 quas
387 2248 521 2281 factum
554 2260 629 2281 non
645 2248 875 2292 profuturum
905 2247 1120 2288 arbitretur,
1145 2248 1416 2292 expositurum:
1443 2259 1532 2294 quas

83 2296 149 2329 sia
165 2300 263 2329 recto
279 2300 330 2337 ,et
346 2295 442 2328 iusto
468 2299 567 2340 aptas
588 2294 771 2335 iudicarit,
799 2294 1026 2339 obtemperet
1050 2299 1087 2328 et
1108 2300 1232 2328 contra
1256 2295 1411 2329 officium
1434 2306 1532 2336 com-

81 2342 230 2376 mittere
247 2346 379 2387 parcat.
428 2341 538 2387 Quod
562 2342 593 2375 si
617 2343 702 2375 satis
723 2342 854 2375 virium
883 2341 928 2375 ad
949 2340 1240 2387 persuadendum
1253 2354 1328 2376 non
1345 2341 1536 2375 habebunt

83 2389 270 2444 fueritque
302 2400 424 2434 pugna
455 2400 610 2435 anceps,
644 2394 722 2422 tum
752 2400 789 2421 se
814 2390 1003 2422 victoriam
1034 2389 1089 2422 illi
1118 2400 1319 2429 cessurum,
1352 2388 1533 2435 quomodo

83 2434 324 2470 Athenienses
346 2436 463 2470 solere
483 2437 578 2470 fama
609 2440 681 2477 est,
710 2447 788 2468 cum
808 2436 994 2469 Minervae
1017 2436 1172 2469 calculus
1197 2436 1395 2470 accesserit.
1445 2435 1534 2468 Cum

84 2482 195 2527 igitur
219 2483 290 2516 tria
309 2483 383 2516 sint
401 2483 640 2527 potissimum,
666 2494 758 2530 quae
776 2488 812 2515 te
832 2481 878 2515 ad
901 2482 1176 2527 poenitudinem
1202 2483 1287 2516 facti
1311 2483 1452 2527 possint
1475 2482 1533 2515 in-

85 2528 241 2564 ducere:
269 2529 368 2576 quod
391 2541 465 2564 non
490 2532 584 2564 iuste
609 2531 765 2572 sactum3
792 2528 891 2574 quod
907 2541 980 2563 non
1000 2541 1078 2562 cum
1107 2530 1269 2563 utilitate
1290 2529 1533 2574 reipublicae;

89 2575 190 2622 quod
221 2577 399 2610 nonnulla
427 2578 632 2611 necessaria
663 2578 913 2622 negligantur,
947 2577 1117 2622 quoniam
1143 2588 1231 2609 avus
1259 2588 1333 2609 non
1359 2576 1533 2620 imperet3

87 2622 375 2669 unumquodque
399 2635 540 2665 eorum,
564 2629 737 2670 quantum
760 2623 878 2657 valeat
895 2622 1140 2668 dispiciamus.
1191 2623 1420 2667 Acrprimum
1448 2621 1534 2667 qui-

27 2708 30 2713 „
87 2669 171 2703 <lem
186 2681 292 2704 nemo
315 2669 407 2704 mihi
429 2682 504 2704 non
526 2672 768 2710 assentietur,
794 2670 990 2703 iustissime
1010 2670 1073 2704 abs
1097 2675 1134 2703 te
1159 2669 1302 2703 factum.
1351 2669 1408 2702 Tu
1434 2668 1534 2702 enim

84 2715 226 2751 bellum
247 2728 322 2751 non
349 2716 541 2762 incepisti:
572 2717 637 2752 sed
668 2718 715 2751 ab
746 2717 811 2750 illo
837 2717 1041 2762 inceptum,
1071 2721 1217 2751 coactus
1246 2727 1282 2750 es
1307 2726 1442 2762 gerere.
1487 2715 1535 2749 Et

180 2786 472 2820 cantaeuzenus.
1226 2795 1269 2828 27
