1832 3138
269 90 288 125 1
299 89 385 124 οο.
790 81 1163 125 ΟΑΝΓΑΟΗΖΕΝΙ
1222 87 1230 92 ·

64 188 460 247 A.c.13210rr9ana⁴v
489 184 709 242 λογισμῶν.
758 185 836 226 τοῦ
857 184 1137 241 νεωτερισμοῦ
1168 182 1248 238 γὰρ
1275 175 1356 237 ἤδη
1380 181 1701 240 λαμπρῶς·ὂξαὶ-

255 258 458 313 φθέντος,
493 250 644 302 πάντες
669 246 779 306 ἦσαν
804 251 1004 307 μετέωροι
1019 247 1122 305 πρὸς
1142 246 1220 296 τοὶς
1242 247 1401 304 φήμας,
1426 251 1499 291 καί
1517 251 1701 304 μεταβο-

256 323 332 376 λῆς
360 315 526 367 ἅτόπως
554 311 687 373 ἤρων.
736 317 930 360 κίνδυνον
951 317 1096 369 ’μέντοι
1125 312 1200 356 τὸν
1227 311 1406 366 ἔσχατον
1432 311 1508 369 τῆν
1532 315 1592 364 εἷς
1611 316 1703 360 Βυ-

258 384 424 436 ζάντιον
442 379 580 427 αὐτῶν
602 376 747 439 ἄφιξιν
765 384 909 439 φέρειν
925 383 983 439 τῷ
1008 380 1186 435 βασιλεῖ,
1221 378 1279 428 ὥς
1300 379 1467 422 πάντων
1484 377 1704 437 εὖθύςτῷ

257 451 335 507 νέῳ
363 449 732 506 προσθησομένων.
761 446 787 489 ὃ
814 446 866 502 δὴ
894 446 968 488 καί
991 444 1290 499 σκοπουμένοις
1317 439 1485 497 αὖτοῖς,
1521 439 1632 495 ὅπως
1652 441 1729 489 ἂνό

259 513 317 569 μὴ
345 516 537 570 γένηται,
573 510 829 562 καίπολλὰς
859 509 1008 563 ἑλίξεις
1036 511 1246 566 λογισμῶν
1269 510 1542 564 διελθοῦσιν,
1569 507 1704 552 ἐδόκει

230 581 482 634 ρβέλτιστον
510 575 618 622 εἶναι
642 577 747 636 πρὸς
776 579 1082 633 Θεσσαλονίκην
1110 578 1277 629 μᾶλλον,
1294 577 1458 630 ἐλθεῖν,
1497 574 1556 624 ὧς-
1584 570 1636 618 ἂν
1659 575 1705 617 ἐν

155 652 197 687 V.
209 651 252 686 52
264 645 321 702 τῷ
347 643 502 698 μεταξύ
523 644 663 701 χρόνῳ
692 642 745 686 τὰ
768 647 856 687 κατ’
882 642 1016 686 αὐτὸν
1053 640 1161 684 κατὰ
1189 638 1347 696 σχολὴν
1376 636 1705 695 εὖιὶδιαθέμενος

258 710 282 753 ὅ
300 707 521 764 βασιλεὺς,
558 707 661 765 πρὸς
686 707 755 752 τὸν
773 708 955 764 πόλεμον
981 709 1168 765 ἆντίσχῃ,
1205 708 1279 749 καί
1306 704 1365 762 μὴ
1389 705 1594 762 ἀπόληται
1613 705 1705 747 ἔπι-

255 774 529 831 χειρούμενος
563 775 609 816 ἐκ
643 777 718 816 τοῦ
755 773 987 832 αἰφνιδίου.
1052 771 1207 829 ταύτην
1248 770 1298 828 δὴ
1337 769 1598 828 κυρώσαντες
1629 767 1760 826 τὴνιο

261 837 442 896 βουλὴν,
485 838 712 896 ἐτράποντο
751 843 810 890 εἰς
841 836 986 884 ὕπνον.
1025 841 1100 895 τῆς
1128 840 1174 880 δὲ
1206 836 1496 892 ἐπιγενομένης
1533 836 1706 892 ἡμέρας,

265 908 351 948 τῶν
381 921 426 949 τε
451 907 496 948 ἐν
527 906 635 948 τέλει
660 905 829 948 πάντων
854 904 927 947 καί
946 906 1030 948 τῶν
1052 906 1126 959 τῆς
1144 903 1375 958 συγκλήτου
1409 900 1707 953 συνελθόντων,

266 969 486 1027 παρόντων
508 969 581 1012 καὶ
605 971 688 1013 τῶν
715 972 944 1027 εἰρημένων
971 970 1196 1023 Λατίνων,
1235 967 1279 1011 εἴ
1300 985 1343 1011 τι
1369 966 1604 1024 καινότερον
1626 966 1708 1008 τῶν

258 1038 365 1090 χθὲς
398 1037 740 1090 βεβουλευμένων
774 1035 998 1093 ἐξεύρηταί
1021 1053 1127 1088 τινι,
1176 1033 1198 1077 ὁ
1221 1031 1421 1089 βασιλεὺς
1453 1031 1707 1075 ἐπυνθάνετο

261 1103 388 1158 κοινῇ·
432 1097 635 1154 ,,οἷτελοῦς
663 1099 744 1158 γὰρ
775 1102 853 1144 τοῦ
888 1102 1172 1156 βουλεύματος
1216 1099 1592 1155 καταλειφθέντος,
1637 1097 1762 1141 καίι5

261 1163 383 1219 ὑμῶν
395 1164 567 1208 πάντων
587 1165 686 1221 περὶ
708 1165 814 1208 adr&
836 1167 1150 1223 ἥσχολημένων,
1178 1165 1282 1216 εἰκός
1305 1181 1398 1208 τινα
1421 1163 1495 1205 καί
1508 1176 1710 1227 προσεπι-

223 1229 476 1286 Βνοῆσαίτι
498 1232 662 1274 πλέον·”
696 1230 992 1287 Παλαιολόγου
1023 1234 1071 1275 δὲ
1101 1233 1180 1274 τοῦ
1202 1229 1384 1285 μεγάλου
1405 1225 1710 1285 στρατοπεδάρ-

264 1312 345 1351 χου
366 1294 465 1351 μήτ’
482 1294 607 1338 αὐτόν
622 1313 663 1339 τι
677 1298 1087 1354 προσεπινενοηκέναι
1104 1299 1243 1350 πλέον,
1268 1295 1368 1350 μήτ’
1393 1289 1519 1336 ἄλλου
1541 1292 1711 1348 ἀκηκοέ-

266 1378 336 1403 ναι
364 1362 586 1419 φαμένου,
613 1362 685 1405 καὶ
712 1363 996 1421 καβαλλαρίου
1026 1358 1537 1420 φραμπέριν-τεμπινιὸλ,
1565 1358 1624 1410 ὥς
1663 1361 1712 1402 ἐκ

365 1460 418 1493 ¹9·
446 1450 699 1496 καβαλλαρίου
721 1451 947 1498 φραμπέριν
970 1447 1174 1497 τεμπινιόλ
1198 1450 1220 1482 i.
1247 1461 1278 1483 e.=
1305 1452 1429 1498 equite
1463 1451 1575 1485 fratre
1605 1450 1710 1483 Petro

362 1496 409 1529 de
434 1496 591 1541 Pignolo.
617 1509 701 1530 nam
726 1499 797 1531 ista
820 1508 890 1531 vox
921 1497 1186 1543 καβαλλεέριος,
1212 1503 1254 1530 ut
1276 1497 1316 1531 in
1336 1499 1374 1532 C.
1398 1497 1613 1532 Florentino
1641 1495 1709 1530 ob-

362 1543 520 1583 servavi,
556 1544 736 1589 significat
771 1545 933 1589 equitem
970 1543 1157 1576 honorarii
1196 1549 1259 1576 aut
1293 1545 1348 1589 pii
1375 1544 1525 1578 ordinis.
1574 1542 1712 1576 Graeca

363 1594 487 1621 autem
515 1590 567 1623 sic
591 1589 739 1635 divid03
766 1585 870 1636 φρὰ,
895 1589 936 1623 id
961 1595 1015 1622 est
1041 1590 1177 1630 Italice,
1202 1590 1329 1631 frater,
1354 1589 1498 1636 (dicunt
1521 1595 1559 1624 et
1583 1589 1674 1622 frate
1686 1587 1713 1634 ‚)

362 1635 542 1680 Μπέριν,
587 1635 630 1668 id
665 1641 720 1669 est
754 1637 906 1679 Petrus;
950 1646 1035 1668 nam
1075 1636 1205 1669 Graeci
1254 1637 1449 1670 inferiores
1482 1647 1514 1682 μ
1552 1635 1712 1669 litteram

361 1681 577 1726 plerumque
602 1683 641 1714 in
673 1683 831 1727 propriis
856 1687 1088 1727 praeponunt
1111 1683 1255 1715 litterae
1290 1692 1342 1723 π,
1363 1682 1462 1728 quod
1484 1682 1572 1716 viris
1596 1681 1713 1715 doctis

361 1726 520 1760 Meursio
545 1732 582 1760 et
606 1728 775 1762 Gretsero
799 1729 1038 1762 observatum.
1100 1728 1201 1760 Istud
1234 1732 1357 1760 autem
1383 1729 1542 1771 Μπέριν
1573 1739 1594 1760 a
1626 1728 1715 1762 Per-

362 1772 443 1804 rino
469 1772 643 1814 defluxit,
670 1785 742 1820 quo
769 1779 806 1806 et
830 1775 989 1806 familiae
1023 1773 1166 1819 aliquot
1189 1772 1443 1807 honoratiores
1475 1773 1618 1809 Galliae
1644 1785 1715 1807 no-

363 1822 458 1852 strae
475 1830 559 1852 usae
578 1823 671 1851 sunt.
698 1819 761 1854 ντὲ
772 1819 811 1852 id
827 1826 882 1853 est
906 1820 964 1859 de,
979 1830 1062 1852 nam
1077 1830 1119 1853 ντ
1145 1820 1290 1853 litterae
1306 1821 1429 1854 valent
1445 1819 1479 1862 δ’,
1503 1825 1545 1853 ut
1562 1819 1602 1854 in
1625 1818 1716 1854 moi-

363 1874 431 1910 μα,
453 1877 520 1910 pro
546 1863 659 1910 δάμα.
695 1858 857 1906 Πινιόλ,
882 1866 1043 1907 Piniolo;
1069 1866 1244 1899 familiam
1272 1871 1446 1912 quaerant
1471 1866 1574 1914 queis
1598 1867 1715 1900 otium

367 1916 431 1944 est.
482 1910 579 1944 Haec
602 1910 709 1945 nobis
733 1913 918 1945 monuisse
946 1912 1094 1947 sufficit.
1141 1913 1227 1947 ED.
1244 1912 1283 1946 Ρ.
1322 1951 1325 1954 Δ

272 1980 359 2018 tatis
398 1981 470 2013 iam
508 1981 611 2025 quasi
637 1991 803 2025 magnum
838 1981 1048 2014 incendium
1083 1980 1177 2014 clare
1211 1981 1369 2022 luceret,
1411 1991 1535 2015 omnes
1566 1991 1588 2013 a
1619 1980 1716 2014 fama

273 2027 461 2070 suspensi,
496 2028 733 2060 mutationem
760 2026 898 2060 domini
922 2028 1155 2060 vehementer
1183 2027 1412 2073 appetebant.
1460 2028 1715 2062 Verumtamen

276 2073 550 2116 expeditionem
586 2072 678 2106 hanc
718 2085 781 2106 avo
815 2074 1012 2118 perniciem
1044 2074 1251 2115 allaturam,
1290 2074 1434 2120 quando
1466 2075 1513 2108 ad
1544 2079 1715 2118 nepotem

276 2129 401 2152 omnes
426 2119 547 2152 statim
588 2130 624 2152 se
661 2120 874 2164 applicaturi
910 2120 991 2153 sint.
1041 2119 1150 2164 Quod
1194 2131 1266 2166 qua
1299 2121 1513 2154 rationein
1542 2120 1715 2161 miretur,

275 2164 351 2198 illis
375 2165 747 2209 circumspicientibus
776 2171 813 2198 et
838 2167 950 2199 multa
974 2177 1092 2199 secum
1118 2167 1215 2200 varie
1239 2167 1485 2220 agitantibus«,
1551 2166 1715 2199 hessalo-

276 2210 398 2244 nicam
426 2211 548 2255 potius
573 2211 732 2244 eundum
757 2218 812 2245 est
836 2213 973 2253 visum,
1008 2218 1049 2245 ut
1073 2213 1278 2247 intermisso
1304 2218 1467 2259 tempore
1492 2223 1602 2247 senex
1623 2224 1717 2257 pau-

277 2256 382 2291 latim
407 2258 555 2290 firmatis
581 2258 732 2302 opibus,
757 2259 966 2292 adversariis
993 2259 1168 2293 obsistere
1193 2265 1333 2303 posset,
1358 2271 1425 2293 nec
1450 2258 1495 2292 de
1523 2259 1716 2304 improviso

279 2314 472 2348 oppressus
496 2304 673 2337 interiret.
723 2304 797 2338 Hac
824 2306 1004 2339 sententia
1027 2306 1279 2350 comprobata,
1303 2307 1420 2351 quieti
1441 2316 1590 2351 corpora
1613 2316 1715 2338 man—

280 2350 465 2383 daverunt.
514 2351 583 2383 Die
609 2352 775 2396 sequenti
810 2351 997 2386 nobilibus
1031 2351 1255 2398 ducibusque
1286 2352 1454 2385 omnibus
1483 2351 1715 2397 congregatis,

278 2396 532 2441 praesentibus
557 2399 646 2430 item
670 2396 830 2439 Latinis,
867 2410 1019 2443 quorum
1046 2404 1129 2432 ante
1152 2399 1374 2432 mentionem
1399 2399 1548 2432 fecimus
1565 2423 1574 2439 ,
1603 2409 1715 2442 quae-

281 2443 392 2476 situm
415 2448 470 2476 est
494 2442 538 2476 ab
564 2443 799 2487 imperatore,
842 2445 972 2489 ecquid
1004 2451 1146 2489 praeter
1175 2456 1240 2485 ea,
1277 2456 1368 2490 quae
1389 2445 1470 2478 heri
1500 2444 1716 2484 voluissent,

279 2490 367 2522 novi
405 2489 592 2534 quippiam
625 2490 758 2535 aliquis
798 2497 1057 2524 commentatus
1093 2492 1230 2524 fuisset.
1292 2491 1381 2525 Nam
1417 2502 1498 2523 cum
1533 2490 1718 2524 decretum

279 2534 378 2568 nihil
403 2535 539 2576 fuerit,
563 2541 600 2568 et
621 2547 742 2569 omnes
767 2537 892 2570 eadem
917 2538 1087 2582 cogitatio
1113 2542 1302 2581 occupatos
1326 2539 1497 2578 tenuerit,
1519 2537 1717 2571 verisimile

280 2581 382 2621 fieri,
421 2581 628 2615 meditando
654 2587 840 2627 praeterea
864 2585 1069 2629 quempiam
1094 2584 1235 2629 aliquid
1258 2583 1448 2618 invenisse.
1495 2583 1626 2628 Magno
1651 2595 1717 2616 au-

281 2631 357 2659 tem
381 2627 669 2671 stratopedarcha
694 2629 903 2676 Palaeologo
928 2630 1092 2671 dicente,
1127 2641 1195 2663 nec
1210 2630 1293 2663 ’sibi-
1321 2631 1503 2674 reputanti
1526 2629 1624 2663 aliud
1652 2640 1714 2662 oc-

283 2675 448 2717 currisse,
471 2685 539 2708 nec
561 2674 605 2708 ab
629 2674 702 2709 alio
726 2687 858 2714 novum
882 2677 1023 2724 aliquid
1044 2676 1242 2719 audivisse,
1265 2681 1304 2711 et
1321 2675 1513 2711 caballario
1535 2681 1714 2723 tamquam
