1832 3138
283 104 301 138 1
315 84 390 166 OG
794 97 1180 155 :CANTACUZENI

74 199 165 245 ’ΔΩ
181 212 259 246 132¹
275 201 320 244 τὸ
342 200 417 257 την
433 199 635 259 στρατιὰν
660 197 725 244 ἔτι
744 199 847 258 πρὸς
865 205 1041 256 βασιλέα
1061 204 1134 247 τὸν
1154 204 1247 247 νέον
1271 205 1476 260 ἀβέβαιον·
1493 202 1615 262 εἶναι,
1645 211 1720 252 καί

272 267 653 322 διαλυθησομένην,
693 263 736 308 εἴ
758 282 800 309 τι
827 266 1025 312 πύθοιντο
1054 271 1258 312 τοιοῦτον.
1312 268 1419 327 πρὸς
1446 272 1579 314 ταῦτα
1609 273 1652 316 oi·
1675 289 1718 315 τε

270 332 442 384 λογάδες
470 330 545 373 καί
579 331 782 386 σύμπασα
807 332 981 390 στρατιά
1018 331 1100 389 ,,εὖ
1136 337 1218 388 μὲν
1259 336 1459 392 εἰρῆσθαι
1485 337 1622 380 πάντα
1648 339 1720 381 καί

270 398 542 452 στρατηγικῆς
562 398 782 455 ἐμπειρίας
803 398 941 454 ἀξίως,
985 398 1076 442 οὐδ’
1099 399 1226 443 αὐτοὶ
1251 397 1532 458 ἆρνηθείημεν
1551 396 1635 446 3⁹³⁹
1659 399 1718 446 εἶ-

268 477 346 504 πον
373 457 439 513 „ai
465 464 666 515 βασιλεῦ’·
709 459 738 519 ἥ
766 479 811 507 τε
838 463 917 522 γὰρ
948 463 1105 522 ἑσπέρα
1135 464 1262 522 πολλὴ
1293 468 1368 509 καί
1392 458 1535 518 πόλεις
1560 465 1744 523 ἕχονσαό

268 525 426 576 πολλὰς
452 526 526 569 καὶ
550 535 817 586 περιφανεῖς,
860 529 935 573 καί
961 529 1167 587 στρατιάν
1195 528 1286 585 ἅμα
1315 538 1560 589 στρατηγοῖς
1584 531 1719 587 ,βελτί-

167 597 199 630 Ρ.
213 595 260 633 68
273 608 387 642 στοις
404 589 479 634 οὐκ
504 593 882 651 εὐκαταφρόνητον,
912 595 987 639 καί
1010 595 1166 655 ῥᾳδίως
1191 595 1500 653 προσχωρήσει,
1526 595 1718 653 καθάπερ

268 658 398 716 ἔφητε
425 660 499 701 καί
524 655 655 702 αὖτοί.
710 661 842 704 έκεῖνο
878 663 1024 716 μέντοι
1054 661 1296 716 θαυμάζειν
1334 661 1435 718 ἡμῖν
1460 663 1720 719 ἐπῆλθελτοῦ

267 724 448 779 μεγάλου
478 726 746 780 δομεστίκου,
793 722 905 777 ὅπως
939 726 984 771 τὸ
1013 730 1093 782 μὲν
1119 727 1196 785 τὴν
1232 724 1414 786 ἑσπέραν
1439 728 1525 784 ὑφ’·
1546 724 1721 778 ἑαυτοὺς

267 788 531 846 ποιήσασθαι
557 793 641 834 τῶν
667 793 778 834 πάνυ
809 790 964 851 ῥᾳδίων
992 794 1203 851 ἀπέφηνεν
1231 791 1354 848 εἶναι,
1383 791 1432 836 τὸ
1456 795 1497 836 δ’
1514 794 1775 839 εἶσελθεῖνιο

269 855 467 899 δύσκολον
494 854 694 908 ἐλθόντας
719 858 779 908 εἷς
805 859 884 915 τὴν
912 861 1249 902 Κωνσταντίνου.
1308 859 1466 903 ἐκείνου
1493 857 1574 918 γὰρ
1604 853 1722 904 ὄντος

271 922 445 981 ῥᾳδίου,
472 917 501 980 ᾗ
529 921 581 979 δὴ
611 921 684 965 καὶ
708 919 835 975 αὖτὸς
863 923 967 982 ἔφη,
1004 927 1128 968 τοῦτο
1153 927 1292 983 πολλῷ
1320 926 1381 983 τῷ
1405 926 1544 984 μέτρῳ
1571 925 1622 983 τῇ
1643 924 1723 984 ῥᾳ-

123 1022 127 1025 .
155 998 196 1034 V.
213 998 256 1033 55
269 989 402 1045 στώνῃ
427 989 646 1045 διαφέρειν
675 989 800 1031 αὕτοί
830 988 1019 1043 οἰόμεθα.
1048 989 1141 1033 ἐπεὶ
1163 992 1204 1033 δ”
1232 987 1421 1041 ἁπάσαις
1439 997 1535 1040 ταῖς
1560 990 1722 1048 ψήφοις

268 1070 317 1096 το
346 1053 453 1111 πρὸς
481 1054 557 1110 τὴν
584 1050 765 1111 ἑσπέραν
783 1055 1082 1112 Αἐκστρατευέιν
1102 1054 1218 1112 παρὰ
1242 1058 1326 1110 σοι’,
1383 1058 1547 1112 antaeo,
1572 1072 1722 1114 κεκρα-

266 1119 390 1177 τηκὸς
418 1118 605 1177 ὁρῶμεν,
644 1119 1005 1178 συστρατεύσουσι
1030 1123 1110 1176 μὲν
1138 1121 1213 1164 καί
1237 1120 1381 1178 ἡμῶν,
1410 1122 1622 1178 ἐπίταγμα
1647 1121 1774 1166 σὸνῑό

270 1188 590 1242 ἐκπληροῦντες,
633 1183 728 1228 ὅσοι
765 1185 818 1242 δὴ
858 1186 932 1231 καί
955 1188 1260 1244 βουλήσονται·
1303 1186 1412 1245 πλην
1436 1188 1486 1231 οὗ
1512 1185 1621 1242 μετὰ
1647 1188 1723 1244 τῆς

224 1262 251 1296 Β
267 1253 360 1309 ἴσης
371 1251 628 1308 προθυμίας,
641 1253 961 1308 ἦναγκασμένως
984 1254 1046 1296 δέ.
1073 1249 1124 1296 ἂν
1140 1255 1179 1296 δ’
1202 1250 1342 1311 ὥσπερ
1366 1254 1563 1308 ἀξιοῦμεν
1582 1249 1722 1307 admi,

262 1317 339 1375 τὴν
355 1320 399 1368 ἐς
417 1315 652 1370 Βυζάντιον
675 1317 819 1373 ἴωμεν,
846 1318 993 1371 πάντες
1013 1335 1058 1362 τε
1080 1316 1388 1374 ἅμα-ἑψόμεθα
1412 1318 1486 1362 καί
1504 1317 1722 1378 προθυμία

262 1384 345 1427 σὺν
360 1386 504 1440 πολλῆ.
526 1383 592 1426 διὸ
617 1383 668 1441 δή
688 1400 763 1427 σου
787 1382 985 1439 δεόμεθα,
996 1383 1098 1442 πρὸς
1116 1383 1193 1441 την
1213 1386 1385 1437 ἀξίωσιν
1402 1385 1522 1442 ἡμῶν
1541 1383 1723 1435 ὅπεῑξαι,

263 1451 431 1493 δικαίαν
450 1466 496 1492 τε
521 1445 651 1493 οὖσαν
672 1453 746 1493 καί
763 1453 807 1501 ἐς
827 1450 880 1494 τὰ
900 1450 1087 1507 παρόντα
1108 1449 1492 1509 λυσιτελεστάτην.”
1541 1452 1776 1493 Tamiram

263 1517 342 1570 μὲν
360 1518 432 1558 καί
451 1514 491 1558 οἱ
512 1519 584 1572 τῆς
603 1519 808 1573 στρατιᾶς
825 1515 1025 1573 ἧγεμόνες
1044 1514 1173 1561 εἶπον.
1194 1517 1306 1574 ὅρῶν
1325 1519 1372 1561 δὲ
1391 1515 1413 1559 ὅ
1430 1514 1630 1572 βασιλευς
1645 1513 1720 1571 τὴν

263 1582 338 1623 έπί
369 1579 416 1623 τὸ
438 1582 671 1633 Βυζάντιον
693 1583 835 1632 αὐτοῖς
862 1582 998 1639 ὁρμὴν
1027 1583 1103 1625 οὔκ
1129 1579 1471 1638 ἆμβλυνομένην,
1497 1581 1728 1637 βιάζεσθαί

264 1663 312 1689 τε
333 1643 407 1688 οὐκ
428 1645 550 1702 ἔχων,
568 1650 643 1703 τῆς
660 1644 826 1699 εὖνοίας
847 1646 937 1702 ἅμα
954 1651 1028 1691 καί
1046 1651 1120 1705 τῆς
1145 1645 1385 1697 εὐπειθείας
1401 1649 1625 1696 ἐπαινέσας
1643 1644 1722 1689 αὖ-

265 1711 376 1767 τούς,
389 1709 449 1755 ὅτι
474 1712 548 1754 καί
566 1711 596 1755 ἃ
613 1711 673 1769 μη
691 1712 911 1768 βούλοιντο
930 1712 1000 1756 διὰ
1017 1711 1092 1769 την
1115 1715 1176 1764 εἷς
1189 1711 1322 1756 αὐτὸν
1339 1709 1582 1756 εὐπείθειαν
1600 1711 1722 1755 συνέ-

266 1813 355 1847 fides
380 1814 559 1847 exercitus
586 1825 669 1859 erga
689 1814 948 1859 imperatorem
969 1814 1150 1848 iuniorem
1169 1812 1289 1848 adhuc
1309 1817 1475 1855 nutaret,
1509 1817 1547 1848 et
1568 1813 1600 1848 ai
1630 1811 1722 1858 quid

266 1861 339 1894 tale
364 1860 524 1900 audiret,
560 1859 796 1894 dilaberetur.
853 1860 910 1894 Ad
941 1859 1032 1894 haec
1065 1861 1209 1894 nobiles
1245 1861 1508 1906 universusque
1539 1860 1720 1894 exercitus

268 1906 555 1950 responderunt,
599 1918 674 1940 non
695 1918 734 1940 se
754 1917 910 1951 negare,
946 1908 1205 1941 convenienter
1234 1912 1272 1940 et
1299 1917 1344 1940 ex
1366 1918 1432 1940 usu
1456 1905 1545 1940 artis
1562 1906 1720 1951 impera-

266 1954 383 1987 toriae
409 1953 506 1986 dicta
528 1965 606 1987 esse
630 1954 770 1987 omnia:
803 1954 878 1988 late
901 1953 999 1986 enim
1024 1959 1149 1998 patere
1168 1952 1394 1987 occidentem
1417 1953 1563 1994 orbem,
1586 1952 1720 1986 multas

265 2005 303 2034 et
329 1999 472 2033 inclitas
512 2001 693 2034 sustinere
717 1999 845 2040 urbes,
889 2000 1010 2044 copias
1045 1999 1181 2033 habere
1205 1998 1304 2032 haud
1331 1999 1601 2043 asper-nabiles,
1636 2011 1718 2034 cum
1768 2032 1770 2035 ,

265 2046 478 2080 ductoribus
498 2046 728 2088 fortissimis,
762 2046 907 2092 levique
936 2052 1141 2088 momento,
1173 2051 1215 2080 ut
1243 2045 1350 2080 ambo
1383 2046 1645 2087 affirmassent,
1679 2057 1718 2079 se

265 2092 485 2126 dediturum.
536 2093 662 2127 Mirari
685 2099 822 2134 tamen,
860 2092 1043 2139 quomodo
1070 2104 1218 2138 magnus
1241 2092 1459 2126 domesticus
1490 2091 1718 2127 occidentem

267 2137 333 2173 sub
358 2137 537 2172 ditionem
567 2140 699 2173 subiici
722 2140 829 2173 facile
852 2138 1047 2173 admodum
1071 2151 1193 2184 posse,
1229 2139 1573 2183 Constantinopolin
1596 2143 1719 2172 autem

264 2187 401 2219 intrare
431 2197 511 2219 cum
544 2187 704 2220 exercitu
733 2197 810 2219 esse
843 2186 996 2219 difficile
1036 2188 1303 2220 asseveraverit.
1364 2186 1455 2219 Cum
1489 2186 1587 2219 enim
1624 2184 1720 2219 illud

266 2233 388 2278 prius,
422 2243 466 2265 ex
497 2233 574 2266 eius
609 2244 757 2279 quoque
784 2233 983 2274 sententia,
1020 2232 1173 2266 difficile
1194 2245 1269 2266 non
1288 2233 1359 2273 sit,
1394 2231 1465 2266 hoe
1489 2243 1555 2266 suo
1577 2230 1718 2267 iudicio

265 2279 389 2312 multis
405 2279 568 2324 partibus
593 2285 712 2313 tamen
725 2289 808 2313 ‘esse
843 2280 998 2314 facilius.
1049 2280 1095 2313 Et
1113 2279 1287 2325 quoniam
1311 2277 1576 2312 occidentalem
1605 2289 1718 2324 expe—

267 2325 446 2359 ditionem
469 2326 564 2371 apud
577 2327 736 2359 animum
757 2328 988 2370 imperatoris
1009 2326 1111 2360 velut
1128 2326 1295 2359 omnibus
1317 2326 1494 2371 suffragiis
1514 2325 1716 2366 obtinuisse

268 2379 479 2415 cernerent,
524 2373 638 2407 ituros
669 2372 868 2407 secundum
900 2373 1069 2407 mandata
1100 2376 1283 2418 quotquot
1311 2372 1445 2415 velint3
1492 2383 1568 2406 non
1595 2372 1717 2407 tamen

267 2429 384 2464 aeque
415 2418 591 2461 alacriter,
618 2420 682 2454 sed
710 2421 868 2466 ingratis.
918 2421 978 2462 Si,
1004 2419 1103 2466 quod
1123 2423 1313 2464 cuperent,
1336 2418 1549 2462 Byzantium
1570 2423 1716 2462 petere-

270 2471 352 2506 tur,
382 2467 472 2500 mira
489 2467 676 2511 voluptate
696 2468 880 2501 neminem
905 2478 980 2501 non
1008 2471 1227 2502 secuturum.
1277 2465 1399 2510 Quare
1424 2476 1462 2498 se
1484 2465 1590 2498 illum
1611 2475 1716 2498 orare

269 2513 440 2546 maiorem
473 2515 512 2548 in
547 2513 713 2555 modum,
749 2514 865 2547 iustae
900 2514 1062 2559 ipsorum
1106 2513 1363 2557 praesentique
1392 2511 1504 2545 statui
1536 2516 1714 2556 opportu-

267 2558 434 2593 nissimae
451 2561 687 2606 postulationi
715 2560 987 2606 obsequeretur.
1042 2559 1143 2594 Idem
1169 2559 1277 2594 duces
1309 2557 1470 2592 aiebant.
1519 2558 1717 2603 Imperator

267 2605 395 2640 videns
425 2618 548 2641 eorum
581 2607 916 2653 Constantinopolis
950 2605 1175 2641 invadendae
1213 2603 1408 2638 libidinem
1441 2603 1538 2638 nihil
1569 2615 1716 2648 prorsus

267 2650 516 2698 languescere,
559 2665 640 2687 cum
662 2665 788 2699 cogere
825 2666 898 2688 non
921 2659 1065 2699 posset,
1102 2652 1148 2686 de
1182 2651 1440 2686 benevolentia
1482 2650 1716 2686 obedientia-

271 2710 341 2744 que
367 2701 652 2743 commendatos,
687 2701 752 2747 qui
774 2702 883 2736 etiam
906 2713 927 2735 a
945 2699 1078 2747 quibus
1105 2698 1362 2742 abhorrerent,
1396 2696 1517 2733 studio
1552 2697 1625 2733 »ibi
1645 2697 1715 2733 ob-
