1852 3146
595 55 978 101 fflsTOMARUM
1015 61 1050 103 1.
1089 65 1160 107 ⁴1.
1492 34 1596 119 19'7

141 163 247 211 '¹⁰23‘
263 155 468 216 πλήθτσιν
503 156 815 202 ἐπιδεικνύουσι
841 158 915 204 τὸν
938 164 1118 216 βασιλέα
1147 162 1356 209 πάντοθεν
1379 167 1638 222 mutium-A.
1642 174 1681 210 C.
1699 176 1786 213 1325

86 226 300 279 μένοις.
317 223 716 280 ἐπευφημησοὶντων
752 227 801 268 δὲ
843 226 1010 283 αυτῶν,
1051 225 1356 279 καταθέντες”
1329 246 1503 286 αγουσιν
1539 232 1601 282 εἷς

139 287 218 332 τόν
235 287 363 343 ναὸν,
389 285 496 330 ἔνθα
519 290 590 330 δεῖ·
608 288 687 345 τήν
713 289 882 347 τελετὴν
901 293 1115 348 γενέσθαι.
1142 295 1328 337 οἰκίσκον
1352 297 1392 338 δ’
1409 297 1456 339 ἐν
1483 296 1600 354 αυτῷ

140 352 310 404 ξυλίνου
335 355 410 410 τῆς
435 351 632 410 τοιαύτης
655 357 774 398 ενεκα
809 359 959 414 χρείας
991 363 1489 415 προκατεσκευασμὲνου,
1525 359 1600 404 τὸν

63 474 69 484 ,
113 421 257 466 ὄνέον
253 420 480 475 εἰσάγουσι
516 423 720 477 βασιλέα,
759 439 830 465 και
861 421 937 479 τήν
964 422 1192 479 πορφύραν
1218 441 1288 467 και
1324 425 1372 467 τὸ
1408 425 1599 483 διαδημα

140 482 461 539 ἐνδιδυσκουσι,
513 484 721 543 πρότερον
750 489 833 530 nav
877 484 1114 545 ἄρχιερέων
1147 489 1433 544 ευλογούντων
1473 489 1599 536 affini.

40 562 65 615 '³3³
139 548 215 593 ἐπι
241 551 288 593 δὲ
313 550 387 607 τῆς
416 554 600 608 κεφαλῆς
636 549 686 594 οὗ
718 546 1016 607 νενομισμένον
1041 554 1313 610 περιτιθεταί
1337 573 1409 610 τι,
1449 557 1541 600 ἄλλ’
1567 553 1598 614 ἢ

39 618 59 667 ζ’
137 613 418 674 στέφανος,’
396 633 439 673 η
451 614 533 671 ὅ,τι
557 614 608 660 ἂν
631 613 732 661 αλλο
757 620 872 676 δοκῇ.
897 618 1056 662 τούτων
1087 621 1134 663 δὲ
1153 623 1406 676 γινομένων,
1433 623 1461 679 ἧ
1487 625 1623 669 θείαΒ

62 687 65 733 J
137 686 316 726 τελεῖται
333 683 620 740 μυσταγωγία.
649 683 832 740 ἐχόμενα
869 686 917 729 δὲ
949 686 1027 728 τοῦ
1057 686 1282 742 εἰρημένου
1308 688 1495 730 οἷκίσκου
1523 687 1600 732 καὶ

36 751 39 791 s
58 753 65 763 ¹
87 746 367 806 ιοοῖναβάθρα
394 749 441 791 ἐκ
458 747 594 800 ξύλων
617 751 1057 807 προκατασκευάζεται
1080 752 1154 794 καί
1185 748 1310 808 αὕτη,
1339 753 1414 795 καί
1435 769 1595 810 περιει-

54 844 71 870 ,·
133 816 283 858 λοῦσιν
306 813 442 871 αὐτὴν
470 813 678 858 πάντοθεν
697 817 872 866 πέπλοις
900 818 1094 873 Σηρικοῖς
1126 817 1353 874 ἒρυθροῖς·
1390 818 1593 875 ὑπεράνω

42 892 79 950 b*
133 880 185 922 δὲ
215 879 347 936 αὐτῆς
373 877 483 924 κατὰ
519 879 594 924 τὸν
632 879 820 938 ἄριθμόν
849 882 934 924 τῶν
966 883 1179 936 βασιλέων
1211 884 1404 926 τίθενται
1440 884 1592 940 θρόνοι

29 951 61 1010 ξ
132 950 299 1002 χρυσοῖ
329 946 382 988 οὗ
412 945 535 1024 κατοὶἰ
553 963 650 997 τους
676 946 904 1001 ειωθότας,
945 943 1037 989 ἀλλ’
1063 947 1293 1005 ἐπηρμένοι
1322 949 1510 1011 μάλιστα
1535 951 1595 1008 τῷ

132 1005 253 1065 υψει,
279 1005 535 1094 τέτταραςἰ
506 1030 532 1069 η
557 1011 631 1055 καί
653 1014 773 1055 πέντε
797 1027 966 1067 εχοντες
988 1010 1278 1068 ἀναβασμούς,
1307 1014 1378 1071 ἐφ’
1398 1030 1484 1069 ους,
1509 1016 1593 1066 ἐξι-

29 1064 55 1136 Ξῖ
84 1073 251 1127 ιόόντες
272 1078 350 1120 τοῦ
377 1077 578 1132 οἰκίσκον,
615 1075 909 1133 ἀναβαίνοντες
934 1079 1184 1131 καθίζουσιν
1218 1079 1257 1121 οἱ
1282 1083 1484 1134 βασιλεῖς,
1539 1099 1593 1137 ην

38 1138 54 1154 ¹⁷*
131 1158 180 1198 γε
203 1140 265 1199 μή
288 1139 371 1197 εἷς,
403 1141 512 1187 α’λλοὶ
538 1143 708 1196 πλείους
739 1139 831 1187 ὦσι.
860 1148 1249 1200 συναναβαίνουσαι
1271 1147 1318 1190 δὲ
1344 1147 1489 1198 αὐτοῖς
1519 1151 1594 1191 καί

132 1224 181 1250 αι
167 1206 425 1263 “βασιλίδες,
453 1202 745 1262 καθιζουσιν’
723 1227 792 1252 επι
813 1209 995 1267 θρόνων,
1016 1209 1063 1253 αἱ
1085 1212 1167 1265 μὲν
1183 1213 1519 1268 προεστεμμέναι
1538 1211 1593 1255 τοὶ

130 1275 355 1328 στέμματα
376 1277 682 1333 περικειμεναι,
710 1276 737 1332 ἦ
761 1278 977 1330 μέλλουσα
999 1278 1047 1319 δὲ
1070 1279 1468 1335 στεφανηφοροῦσα.
1503 1276 1587 1334 πρὸ
1606 1293 1633 1328 c

131 1341 180 1383 δὲ
212 1341 289 1397 τῆς
312 1341 391 1383 τοῦ
420 1342 653 1420 τρισαγίου
667 1341 791 1391 θείας
831 1339 1083 1398 ὖμνολογίας
1110 1359 1271 1386 ανεισιν
1302 1342 1376 1385 ἐπι
1404 1341 1476 1386 τὸν
1502 1361 1588 1397 αμ-

34 1462 39 1468 A
78 1405 292 1464 aossmva‘
269 1423 292 1450 ο
310 1405 571 1465 πατριάρχης
593 1409 676 1450 τῶν
695 1405 866 1469 ἀδύτων
893 1408 1026 1461 εξιιόν.
1051 1410 1380 1466 συνανέρχονται
1403 1411 1451 1453 δὲ
1469 1427 1584 1468 αυτῳ

129 1474 203 1516 καί
225 1474 308 1515 τῶν
328 1474 404 1530 τῆς
426 1474 648 1530 ἐκκλησίας
670 1472 889 1531 ἀρχόντων
911 1474 951 1516 οἱ
976 1476 1321 1533 ἐπιφανέστεροι,
1362 1474 1437 1526 τὰς
1468 1475 1587 1532 ἱερὰς

129 1540 202 1581 καί
232 1537 360 1581 αὐτοὶ
385 1539 656 1593 ἐνδεδυμένοι
679 1538 845 1596 στολάς·
875 1539 950 1591 οὓς
989 1541 1254 1584 ἀποστέλλων
1286 1545 1587 1598 προσκαλεῖται

127 1601 239 1665 τούς
260 1606 477 1659 βασιλέας.
507 1602 547 1648 οἱ
574 1606 616 1649 δ’
650 1603 785 1657 εὐθὺς
819 1605 1141 1663 ἐξανιστάμενοι
1175 1608 1258 1651 τῶν
1282 1604 1474 1664 θρόνων,
1512 1608 1588 1652 ἐπὶ

129 1730 308 1788 dignitate
335 1731 515 1767 antistant
536 1730 711 1778 despotae
736 1737 774 1768 et
796 1732 1115 1776 sebastocratores,
1139 1733 1170 1767 si
1190 1737 1287 1774 sunt,
1312 1732 1452 1779 alioqui
1478 1732 1584 1777 prIn·

128 1780 251 1824 cipum
273 1778 520 1821 nobilissimi,
555 1780 751 1825 ipsumque
789 1791 870 1813 cum
896 1786 997 1813 scuto
1023 1782 1062 1813 in
1091 1782 1204 1813 altum
1231 1785 1405 1825 quantum
1430 1783 1585 1824 possunt

60 1851 66 1859 .
126 1825 315 1867 tollentes,
338 1824 504 1871 undique
529 1827 746 1860 circumfuso
770 1827 907 1871 populo
933 1832 1130 1861 ostentant.
1177 1828 1261 1860 Post
1285 1827 1438 1859 faustam
1462 1827 1582 1859 accla-

126 1873 328 1906 mationem
359 1883 443 1906 eum
476 1873 686 1918 deponunt,
719 1878 832 1918 atque
867 1874 906 1906 in
930 1874 1131 1917 templum,
1163 1874 1204 1909 in
1236 1884 1308 1918 quo
1337 1873 1480 1906 solenni
1506 1873 1581 1906 ritu

127 1919 354 1953 coronandus
379 1925 446 1960 est,
470 1919 666 1953 deducunt.
715 1919 787 1953 Ubi
811 1921 960 1965 parvula
984 1920 1139 1962 domus,
1162 1919 1209 1953 ad
1235 1918 1333 1952 hunc
1354 1930 1459 1952 usum
1488 1930 1508 1952 e
1532 1918 1582 1951 li-

127 1977 197 2012 gno
224 1971 458 2012 praeparata,
498 1966 537 1998 in
571 1975 679 2012 quam
712 1965 958 2000 introducitur
999 1978 1115 2000 novus
1154 1967 1370 2011 imperator:
1408 1965 1463 1998 ibi
1498 1976 1582 1998 eum

125 2023 289 2058 purpura
313 2017 351 2046 et
377 2012 581 2046 diademate
605 2013 706 2058 prius
732 2025 798 2058 per
824 2014 1015 2059 episcopos
1044 2013 1265 2047 consecratis
1287 2011 1458 2047 induunt
1508 2011 1580 2045 Ca-

125 2070 166 2104 Ρι
154 2060 198 2093 iti
223 2071 299 2094 non
327 2065 466 2094 certum
490 2060 580 2105 quid
604 2071 645 2092 ac
681 2059 874 2093 definitum
910 2060 1138 2106 imponitur,
1175 2058 1239 2093 sed
1271 2060 1331 2093 vel
1362 2063 1498 2092 sertum
1520 2059 1581 2092 vel

125 2106 249 2148 aliud,
275 2106 374 2153 quod
400 2105 555 2140 videtur.
583 2105 680 2139 Dum
703 2106 793 2140 haec
812 2107 916 2147 fiunt,
932 2112 1054 2140 sancta
1074 2108 1181 2140 missa
1205 2105 1373 2139 habetur.
1410 2104 1579 2138 Proxime

126 2151 383 2186 domunculam
406 2153 480 2186 iam
504 2151 638 2187 dictam
663 2154 848 2198 pulpitum
872 2164 987 2199 aeque
1014 2162 1033 2186 e
1059 2154 1160 2198 ligno
1185 2157 1347 2198 paratum
1376 2157 1452 2192 est,
1479 2152 1581 2197 quod

124 2199 292 2246 undique
319 2199 411 2234 velis
446 2199 569 2233 sericis
600 2200 719 2233 rubris
751 2200 1003 2237 circumdatur,
1060 2199 1176 2244 Super
1208 2200 1274 2232 illo
1310 2198 1435 2232 throni
1463 2199 1579 2232 collo-

125 2252 254 2280 cantur
273 2246 376 2280 aurei
399 2257 465 2291 pro
489 2247 746 2292 imperatorum
764 2257 938 2280 numero.
969 2258 1044 2281 non
1066 2247 1190 2293 quales
1211 2247 1277 2279 alii
1303 2257 1427 2279 eorum
1452 2244 1578 2279 throni

125 2298 236 2334 sunt,
274 2292 338 2326 sed
383 2293 516 2327 excelsi
557 2293 752 2327 admodum
785 2304 866 2326 cum
899 2298 1055 2339 quatuor
1085 2299 1149 2327 aut
1194 2293 1360 2339 quinque
1393 2292 1578 2337 gradibus,

126 2351 220 2386 quos
245 2339 433 2373 domicilio
461 2341 593 2386 egressi
620 2341 877 2385 imperatores,
911 2340 941 2373 si
975 2340 1099 2384 plures
1131 2340 1290 2380 fuerint,
1326 2338 1578 2373 conscendunt

127 2391 166 2420 et
188 2387 227 2420 in
253 2386 298 2419 iis
322 2386 527 2420 considunt.
574 2386 787 2420 Ascendunt
809 2386 1012 2421 tabulatum
1036 2387 1144 2419 simul
1166 2387 1415 2431 imperatrices
1439 2391 1477 2419 et
1491 2396 1574 2419 suos

126 2433 216 2466 item
239 2431 390 2466 thronos
416 2439 609 2478 occupant:
636 2446 728 2480 quae
756 2434 857 2488 prius
879 2438 1068 2467 coronatae
1102 2433 1269 2474 fuerant,
1292 2443 1483 2474 coronam;
1509 2443 1573 2465 co-

124 2479 286 2514 ronanda
317 2485 439 2514 autem
462 2485 598 2514 sertum
624 2482 663 2514 iu
686 2481 804 2525 capite
827 2480 1082 2514 ferens.1am
1102 2490 1187 2514 vero
1210 2485 1405 2524 antequam
1427 2479 1574 2512 divinus

122 2526 265 2572 trisagii
290 2525 446 2570 hymnus
470 2527 708 2569 decantetur,
749 2538 793 2561 ex
824 2526 942 2570 adytis
967 2527 1156 2573 egrediens
1181 2525 1406 2572 patriarcha,
1444 2524 1575 2558 ambo-

124 2584 208 2607 nem
257 2572 333 2607 sive
373 2583 512 2607 sacrum
537 2580 741 2630 suggestum
775 2573 961 2616 ascendit,
996 2586 1078 2607 cum
1103 2572 1367 2608 illustrioribus
1399 2571 1574 2606 ecclesiae

124 2619 353 2665 principibus
367 2645 378 2662 ,
442 2632 479 2654 ui
506 2627 544 2655 et
570 2621 640 2666 ipsi
670 2621 779 2655 sacris
800 2620 903 2654 stolis
926 2621 1090 2666 cooperti
1109 2626 1214 2661 sunt,
1238 2630 1330 2666 quos
1349 2618 1395 2652 ad
1417 2618 1575 2662 impera-

124 2671 222 2702 sore·
247 2632 484 2703 accersenaos
505 2668 632 2702 mittit.
683 2668 745 2702 mi
771 2667 964 2703 confestim
991 2678 1011 2702 e
1031 2667 1134 2704 soliis
1154 2671 1356 2712 surgentes,
1379 2664 1425 2700 ad
1446 2662 1576 2700 ambo-
