1820 3164
299 69 331 125 5
347 89 410 124 10
832 82 1201 127 CANTActhEm

99 193 420 245 Δ.0.ι338στρον
452 186 525 229 καί
554 182 581 240 ἧ
619 183 780 240 Πάργα
818 185 892 225 καί
924 182 946 226 ὅ
971 179 1129 238 “Ἀγιος
1161 183 1342 234 Δονὰτος
1381 185 1455 228 καί
1486 183 1733 240 ’Amabam-

294 269 422 310 στρον
455 250 529 294 καὶ
555 250 792 303 Ἰωάννινα,
841 245 924 303 &ts
951 246 1138 303 Εὖλοχὸς
1162 251 1234 292 καί
1263 247 1308 292 τὸ
1339 250 1507 293 Βάλτον
1533 249 1608 293 καὶ
1629 252 1734 306 ἕτερ’

296 314 403 361 ἅττα
427 317 609 373 φρούρια
636 315 710 358 οῦκ
739 311 868 370 ὀλίγα.
923 315 1070 358 ἐκεῖνοι
1100 315 1146 357 δὲ
1177 313 1216 357 οἱ
1251 314 1506 365 ἀποστάντες
1527 316 1733 369 βασιλέως

295 381 521 439 πρεσβείαν
564 378 666 438 πρὸς
706 378 999 438 πριγκίπισσαν
1028 379 1104 435 τὴν
1150 379 1356 436 Τάραντος
1393 380 1602 424 δεσπότιν*
1626 382 1734 434 πέμ-

295 460 463 502 ψαντες,
501 445 745 503 Νικηφόρον
767 462 813 488 τε
843 445 917 489 τὸν
942 447 1073 488 παῖδα
1102 441 1274 503 ᾐτοῦντο
1301 444 1499 490 δεσπότου
1529 445 1588 495 ὥς
1613 447 1759 503 σφῶνό

297 508 473 569 ἄρξοντα
505 510 608 555 κατὰ
638 514 830 570 πατρῷον
861 513 1025 568 κλῆρον,
1049 513 1122 554 καί
1148 513 1418 566 συμμαχίαν,
1451 515 1552 566 μεθ)
1588 505 1639 568 ἧς
1663 513 1738 554 καὶ

260 577 376 629 Βτὰς
403 573 533 628 ἄλλας
561 577 812 634 δυνήσονται
827 577 963 627 πόλεις
995 577 1231 632 α’ποστῆσαι
1253 576 1470 631 βασιλέως,
1496 572 1736 634 ἢὲκούσας

297 641 661 700 προσχωρησάσας
714 638 744 698 ἢ
779 643 1032 697 βιασάμενοι
1061 648 1146 692 τοῖς
1174 639 1336 690 ὅπλοις.
1389 641 1659 699 πριγκίπίσσα
1688 643 1736 685 δὲ

295 706 429 764 ἦδέως
459 724 502 751 τε
531 709 695 760 ἐδέξατο
728 707 971 765 Νικηφόρον
1007 707 1194 765 φυγόντα
1214 704 1319 764 πρὸς
1351 704 1511 763 αὐτὴν,μ
1560 708 1577 765 (
1588 701 1735 764 ἤλπισε

279 772 378 830 γὰρ
414 774 697 831 Ἀκαρνανίας
725 773 945 831 κρατήσειν
974 776 1027 816 δι’
1052 771 1224 831 aziz-017)
1270 771 1343 815 καί
1366 773 1492 815 πάλιν
1522 773 1615 816 ἐπεὶ
1634 770 1790 815 ε’πύ-ιο

298 837 398 881 θετό
435 855 553 889 τινας
578 842 781 894 βασιλέως
813 839 1073 890 ἀποστάντας
1104 840 1177 880 καί
1205 838 1578 895 προσχωρήσαντας
1606 833 1737 896 αὖτῷ,

299 906 500 959 ἐξέπεμπε
538 905 794 960 προθύμως,
841 905 914 947 καί
950 907 1054 959 μίαν
1091 902 1230 962 ἐκείνῳ
1256 906 1338 947 τῶν
1360 905 1606 960 θυγατέρων
1632 900 1737 955 (δύο

301 972 348 1013 δὲ
373 965 481 1026 ἦσαν
503 967 638 1027 αὐτῇ)
660 971 938 1026 κατεγγυήσας
982 969 1229 1025 συμμαχίαν
1261 985 1306 1013 τε
1333 971 1629 1025 παρασχομένη
1661 965 1737 1024 ὅση

302 1036 470 1092 δυνατή.
523 1033 548 1092 ἦ
577 1034 655 1093 γάρ
700 1035 968 1093 πριγκίπισσα
1007 1033 1114 1092 αὕτη
1153 1034 1203 1091 δὴ
1241 1032 1440 1092 α’πόγονος
1480 1029 1590 1077 οὖσα
1620 1036 1738 1076 Βαλ-

303 1103 485 1155 δουΐνου,
520 1099 564 1150 ὃς
584 1103 821 1154 Βυζαντίου
853 1101 1121 1156 ἐβασίλευσεν
1148 1099 1220 1144 ἐπὶ
1245 1099 1412 1157 καιρὸν,
1457 1102 1556 1143 καθ’
1581 1095 1626 1142 ὃν
1653 1096 1789 1141 ὖπὸιό

303 1166 506 1217 Λατίνοις
531 1163 641 1209 ἑάλω
660 1167 828 1223 χρόνον,
858 1166 929 1210 τόν
948 1184 994 1210 τε
1016 1167 1216 1224 πρόγονον
1239 1166 1296 1216 ὥς
1318 1167 1494 1222 βασιλέα
1520 1165 1738 1219 Ῥωμαιων

308 1231 547 1288 διεθρύλλει
583 1233 655 1274 καί
692 1230 845 1289 ἑαυτὴν
884 1232 1083 1288 βασιλίδα
1115 1232 1394 1289 προσηγόρευε
1423 1231 1651 1285 “Ρωμαι’ων
1683 1229 1740 1279 ὥς

306 1297 509 1352 ιῖπόγονον
540 1297 720 1343 ἐκείνου.
778 1297 842 1340 διὸ
872 1300 942 1341 καί
977 1297 1046 1340 διὰ
1071 1300 1256 1354 σπουδῆς
1282 1295 1444 1354 ἁπάσης
1466 1297 1644 1339 ἐποιεῖτο
1663 1297 1740 1350 μέ-

266 1369 406 1419 (Σρους
430 1357 555 1418 ἔρξαι
587 1361 697 1413 τινὸς
719 1362 894 1418 τῆςῦπό
915 1362 1009 1413 τούς
1032 1362 1250 1417 Ῥωμαίων
1282 1365 1481 1417 βασιλέας
1508 1356 1635 1417 οὔσης
1662 1361 1741 1417 οἷρ-
1772 1380 1776 1384 ’

303 1431 399 1484 χῆς.
454 1424 505 1470 οὗ
525 1427 574 1484 δὴ
605 1429 722 1470 ἕνεκα
743 1430 814 1471 καί
835 1427 924 1471 τότε
950 1428 1188 1485 Νικηφόρον
1220 1430 1420 1481 ἐξέπεμπε
1451 1425 1521 1477 διὰ
1557 1427 1791 1482 σπουδῆςαο

308 1493 382 1536 καὶ
405 1491 585 1547 δύναμιν
613 1495 894 1548 παρασχοῦσα
917 1492 1126 1549 ναυτικήν,
1184 1493 1348 1548 οἰομένη
1373 1489 1426 1535 ἂν
1453 1489 1741 1548 Ἀκαρνανίας

307 1558 434 1609 αὐτὸς
455 1554 556 1616 ἄρξῃ
576 1561 623 1616 τῇ
639 1557 820 1615 θυγατρὶ
842 1558 996 1614 ἐκείνης
1019 1560 1231 1612 συνοικῶν,
1254 1556 1330 1614 τὴν
1352 1558 1581 1611 ἐπιθυμίαν
1595 1554 1742 1613 ἧνυκέ..

293 1641 392 1677 -ναι,
422 1621 468 1673 ὂς
494 1622 545 1679 δὴ
572 1626 645 1666 καί
666 1623 954 1682 Θωμοκοίστρῳ
975 1625 1160 1679 ἐνδιῆγεν
1183 1617 1271 1665 ὄντι
1295 1622 1498 1680 παραλίῳ.
1545 1619 1742 1676 βασιλεύς

308 1691 357 1733 δὲ
386 1691 476 1733 ἐπεὶ
507 1690 688 1733 ἐπίθετο
708 1689 805 1748 περὶ
832 1691 916 1733 τῶν
934 1687 1038 1732 κατὰ
1067 1687 1468 1747 τήν-Ἀκαρνανίαν,
1492 1686 1741 1746 »στρατεύειν

307 1818 438 1862 Parga‚
464 1816 613 1850 Sanctus
637 1816 823 1854 Donatus,
849 1817 1136 1862 Angelocastrum
1151 1841 1160 1857 ‚
1185 1817 1369 1850 Ioannina.
1417 1817 1508 1851 Item
1540 1813 1744 1856 Eulochus,

308 1864 450 1897 Baltum
473 1868 510 1896 et
530 1863 601 1895 alia
625 1863 768 1896 castella
788 1864 994 1908 compluria.
1019 1862 1065 1896 At
1085 1864 1180 1896 enim
1208 1863 1407 1897 desertores
1421 1863 1477 1896 illi
1489 1873 1554 1908 per
1565 1862 1701 1907 legatos
1720 1872 1741 1894 a

290 1910 458 1944 >domina
493 1909 689 1943 Tarentina
712 1908 955 1955 Nicephorum
980 1909 1149 1954 despotae
1175 1910 1290 1943 filium
1334 1909 1406 1944 sibi
1442 1914 1483 1943 ut
1506 1909 1662 1954 parentis
1686 1907 1742 1940 le-

312 1957 477 2001 gitimum
504 1966 742 1989 successorem
772 1957 1028 2002 imperaturum
1063 1956 1291 2001 repetebant;
1327 1961 1365 1990 et
1399 1955 1507 1989 simul
1541 1954 1740 1994 auxilium,

313 2014 386 2048 quo
405 2007 459 2046 ¹et
492 2002 580 2035 alias
605 2002 712 2036 urbes
727 2027 736 2044 ‚
769 2003 797 2035 si
836 2009 964 2047 sponte
988 2014 1052 2036 sua
1076 2004 1239 2043 nollent,
1272 2002 1318 2036 nd
1342 2002 1594 2036 defectionem<
1616 2010 1742 2045 cogere

311 2054 479 2094 possent,
508 2048 727 2093 flagitabant.
777 2050 972 2083 Tarentina
1004 2050 1169 2095 princeps
1197 2049 1440 2094 Nicephorum
1472 2046 1518 2082 ad
1550 2058 1587 2081 se
1611 2046 1742 2080 confu-

312 2096 470 2140 gientem
493 2095 587 2130 laeta
612 2095 778 2141 excepit3
813 2096 910 2142 quod
934 2107 998 2141 per
1022 2096 1140 2141 ipsum
1163 2107 1201 2130 se
1237 2097 1276 2130 in
1299 2095 1496 2130 Acarnania
1517 2099 1742 2139 regnaturam

313 2141 521 2176 confideret.
570 2142 674 2183 Post,
698 2141 761 2175 ubi
786 2142 924 2175 audivit
952 2142 1122 2189 quosdam
1146 2142 1191 2176 ab
1215 2141 1430 2187 imperatore
1452 2140 1499 2175 ad
1534 2141 1638 2174 illum
1674 2139 1741 2173 de-

313 2188 474 2229 scivisse,
497 2200 572 2222 non
589 2189 702 2222 invita
728 2199 808 2221 cum
829 2201 900 2222 una
922 2189 1072 2222 filiarum
1098 2189 1199 2235 (duas
1223 2190 1318 2223 enim
1341 2186 1514 2232 habebat)
1537 2187 1655 2220 eidem
1679 2185 1744 2219 de-

315 2245 446 2279 sponsa
478 2239 515 2267 et
547 2234 709 2269 subsidio
745 2240 878 2280 quanto
903 2237 1024 2279 potuit
1048 2235 1195 2269 dimisit.
1242 2237 1328 2270 Erat
1350 2235 1439 2269 haec
1462 2234 1596 2267 femina
1619 2243 1640 2267 e
1665 2232 1740 2265 mi-
1799 2246 1801 2249 ¹

312 2280 464 2314 noribus
507 2292 570 2313 seu
609 2281 761 2326 posteris
796 2282 986 2322 Balduini‚
1023 2283 1087 2327 qui
1112 2283 1279 2326 Byzantio
1302 2294 1322 2316 a
1345 2281 1483 2315 Latinis
1509 2285 1636 2325 capto,
1669 2279 1740 2312 ali-

313 2326 486 2374 quamdiu
511 2326 647 2361 ibidem
671 2329 876 2373 imperavit:
908 2334 944 2362 et
974 2330 1078 2363 illum
1108 2329 1264 2363 familiae
1298 2339 1381 2363 suae
1405 2332 1587 2361 auctorem
1610 2327 1742 2360 Roma-

313 2384 401 2407 num
434 2373 683 2417 imperatorem
730 2386 839 2421 seque
870 2376 1134 2420 imperatricem
1177 2377 1439 2414 Romanorum,
1473 2373 1608 2420 quippe
1642 2372 1741 2405 illius

313 2425 472 2464 neptem,
495 2420 609 2464 palam
635 2421 873 2466 praedicabat.
912 2422 1005 2455 Hinc
1029 2422 1247 2462 elaborabat,
1271 2427 1312 2455 ut
1333 2421 1373 2454 in
1395 2426 1496 2466 parte
1521 2420 1647 2453 saltem
1673 2419 1742 2451 Ro-

312 2466 410 2500 mani
433 2466 654 2511 principatus
679 2469 855 2509 imperare
879 2474 1010 2514 posset.
1046 2468 1163 2513 Quam
1189 2468 1234 2501 ob
1260 2478 1400 2501 causam
1425 2468 1533 2500 etiam
1558 2463 1741 2510 Nicepho-

313 2523 395 2547 rum
430 2512 558 2557 cupide
592 2525 672 2547 cum
704 2514 957 2560 navali'copia
991 2514 1150 2549 dimisit=
1183 2514 1384 2555 arbitrans,
1416 2514 1448 2547 si
1479 2513 1509 2547 is
1533 2512 1741 2559 filiae4suae

315 2559 467 2592 :maritus
516 2559 732 2594 Acarnaniae
767 2561 932 2595 dominus
957 2567 1072 2602 esset,
1105 2560 1308 2594 habituram
1333 2571 1370 2594 se
1394 2559 1492 2606 quod
1515 2558 1742 2604 concupivis-

316 2610 390 2638 set:
427 2606 498 2652 qui
531 2611 568 2640 et
600 2606 851 2642 Thomocastri
883 2609 973 2642 urbe
1009 2607 1186 2641 maritima
1210 2606 1372 2652 degebat.
1421 2607 1620 2650 Imperator
1644 2609 1740 2638 statu

315 2662 434 2686 rerum
458 2650 761 2688 Acarnanensium
784 2660 955 2700 percepto
969 2681 979 2697 ,
1003 2655 1149 2688 sibimet
1173 2654 1211 2687 in
1234 2664 1415 2699 praesens,
1440 2659 1654 2690 senescente·
1671 2653 1740 2687 iam
