1832 3132
338 85 447 142 380
866 99 1242 146 CANTAcqum

145 204 397 259 A.c.1329‹52)
431 205 546 246 ἕνεκα
568 203 641 257 τῆς
669 214 716 244 τε
746 199 858 244 Χίου
893 202 1123 259 ἐπιτρέπειν
1149 203 1226 260 τὴν
1252 199 1402 261 ἀρχὴν,
1427 206 1501 249 καὶ
1519 205 1771 264 τόνπροσόῆ-

338 272 423 311 δων
450 266 580 322 αὐτῆς
618 267 700 309 τῶν
736 267 948 322 δημοσίων
1001 268 1076 310 οὐκ
1119 267 1290 313 ἔλαττον
1336 273 1518 327 χρυσίου
1549 271 1770 329 μυριάδων
1799 279 1802 282 ’

337 333 584 375 δυοκαίδεκα
609 331 770 384 οὐσῶν,
818 332 878 381 εἷς
905 334 985 386 μὲν
1008 335 1249 387 ἐπιμέλειαν
1273 336 1348 390 τῆς
1370 334 1499 393 νήσου
1528 338 1604 380 καί
1632 340 1772 394 φυλα-

336 398 435 453 κήν,
479 395 543 439 ἔτι
580 412 624 440 τε
657 394 805 453 λοιπήν
837 397 1070 453 α’ναγκαιὲον
1103 398 1390 453 ἀναλωμάτων
1418 402 1568 458 χρείαν
1606 397 1688 446 ὅσα
1719 395 1773 445 ἂν

303 462 457 520 Βαῦτῷ
483 464 728 521 σκεψαμένῳ
756 464 917 518 βέλτιον
946 465 1086 519 δοκοίη
1109 462 1222 518 ἔχειν
1257 465 1450 509 οἷναλοῧν·
1496 465 1550 510 τοὶ
1580 468 1629 511 δὲ
1666 465 1800 510 ’ὕπο-5

336 529 565 583 λειφθέντα
591 529 789 584 χρήματα
803 562 817 582 ,
856 527 908 571 τοὶ
931 527 1061 584 ἧμίση
1079 531 1158 582 μὲν
1178 531 1242 586 -τῷ
1268 531 1470 589 βασιλικῷ
1487 533 1660 590 ταμιείῳ
1686 532 1773 574 εἶσ-

333 590 539 646 κομίζειν,
581 590 710 636 αὖτὸν
744 585 792 635 δὲ
819 591 872 637 τοὶ
907 592 1106 636 ἐπίλοιπα
1132 596 1416 651 καρποῦσθαι.
1468 590 1624 653 ἄδηλον
1651 597 1700 638 δὲ
1726 590 1775 638 ὂν

334 653 546 716 ἀνθρώπῳ
578 657 704 701 παντί
729 656 851 701 ὄπότε
870 654 1178 715 ἆπροσδόκητον
1203 657 1290 715 ἥξει
1318 658 1368 702 τὸ
1403 662 1523 712 τέλος
1552 659 1630 718 τῆς
1652 661 1774 718 ζωῆς,

334 721 496 765 δίκαιον
523 719 613 776 ἅμα
642 723 715 766 καὶ
747 725 959 774 λυσιτελὲς
993 723 1190 779 ἡγεῖσθαι
1211 721 1344 778 εἶναι,
1370 723 1448 781 τὴν
1470 722 1713 783 &retinui-w,
1740 722 1771 781 ἢ

335 786 442 843 πρὸς
453 789 675 845 Μαρτίνου
698 785 960 847 ᾠκοδομεῖτο,
984 791 1361 832 ἐπισκευασθεῖσαν
1386 785 1448 834 οἷν
1470 792 1618 846 δέοιτο,
1637 803 1792 848 φρου-ι

337 854 395 909 ρᾷ
414 855 721 909 κατασχεθῆναι
751 856 851 910 παρ’
879 854 1033 908 αὐτοῦ,
1077 854 1135 904 ὥς
1173 853 1219 898 εἴ
1239 871 1282 898 τι
1307 854 1408 911 περὶ
1434 851 1586 910 αὖτοῦ,
1624 852 1695 900 οἶα
1722 853 1776 898 τοὶ

340 916 610 973 ἀνθρώπινα,
637 921 825 974 συμβαίη
852 918 926 962 καί
947 919 1103 975 γένοιτο
1129 920 1173 970 ἐξ
1201 914 1460 976 ἀνθρώπων,
1486 919 1546 976 μή
1569 918 1645 976 ,τὴν
1667 919 1777 966 Χίον

335 981 571 1036 Ῥωμαίους
598 983 952 1041 ἀποστερηθῆναι,
981 983 1155 1035 πολλοὺς
1173 983 1356 1039 ἔχουσαν
1383 985 1433 1028 οὗ
1456 982 1680 1042 πόᾷῥωθεν
1696 983 1778 1040 μό-

340 1064 435 1102 νον,
474 1046 581 1090 duci
605 1048 679 1091 καὶ
709 1049 883 1104 ἐγγύθεν
911 1049 1158 1104 ἐπιβούλους
1183 1052 1256 1093 καί
1272 1052 1456 1104 μάλιστα
1487 1049 1588 1109 τούς
1617 1052 1664 1096 ἐκ
1688 1052 1778 1106 Δή-

340 1119 415 1156 λου
444 1112 745 1164 Σπιταλιοότας.
815 1117 999 1158 Τοιαῦτα
1027 1113 1130 1171 πρὸς
1156 1115 1380 1158 ΙΙΔῙπενέτον
1403 1113 1623 1167 διεξιῦντος
1650 1119 1798 1172 βασι-ι

302 1185 330 1219 C
343 1181 446 1228 λε’ως
488 1180 559 1221 καί
587 1181 739 1235 μικρᾶς
771 1176 934 1230 εὖνοιάς
966 1178 1096 1237 χάριν
1127 1179 1310 1237 μεγάλην
1345 1182 1701 1235 κατατιθεμένου,
1739 1180 1780 1223 οἳ

340 1246 420 1297 μὲν
447 1238 566 1285 ἄλλοι
586 1244 735 1294 πάντες,
758 1245 1076 1301 κατεπλήττοντο
1107 1245 1180 1302 τὴν
1211 1249 1310 1303 περὶ
1331 1245 1407 1296 τὰς
1430 1240 1670 1303 εὖεργεσίας
1701 1247 1780 1289 τοῦ

342 1310 548 1363 βασιλέως
570 1313 824 1366 φιλοτιμίαν,
852 1307 918 1353 ὅτι
937 1315 1092 1367 μικρᾶς
1111 1313 1230 1355 ἕνεκα
1248 1309 1414 1362 εὖνοίας
1431 1311 1643 1368 τοσαύτην
1659 1312 1778 1355 a'm-

343 1376 530 1428 παρέσχε
548 1372 699 1431 χάριν,
726 1376 828 1431 μήτε
859 1370 917 1418 ὧν
940 1373 1128 1419 ἆνοίλωσε
1159 1375 1387 1432 χρημάτων
1406 1375 1510 1434 πρὸς
1535 1370 1613 1432 τὴν
1644 1392 1781 1432 παρα-

343 1436 496 1493 σκευὴν
524 1441 603 1480 τοῦ
632 1439 782 1482 στόλου
817 1443 890 1484 καί
916 1443 988 1497 τῆς
1008 1444 1286 1498 συνεπομένης
1307 1438 1434 1498 ἄλλης
1455 1443 1656 1499 στρατιᾶς
1674 1442 1805 1486 ὕπο-α

343 1505 615 1558 λογισάμενος
641 1504 688 1547 τὸ
719 1508 903 1561 πλῆθος,
954 1506 1061 1563 μήτε
1094 1502 1158 1550 ὧν
1189 1509 1237 1551 ἐκ
1267 1507 1380 1550 Χίου
1409 1507 1577 1562 ἔμελλεν
1606 1503 1781 1563 ἐτησίαις

343 1569 367 1612 ὃ
389 1571 608 1619 Μπενέτος
645 1566 959 1627 ἀποφέρεσθαι,
1001 1575 1074 1616 καί
1110 1578 1272 1626 ταῦτα,
1318 1573 1440 1627 ὀλίγα
1468 1569 1498 1629 ἢ
1519 1573 1644 1616 οὐδὲν
1674 1570 1782 1627 πρὸς

343 1633 419 1676 τὸν
449 1635 553 1690 ὑπὲρ
582 1637 651 1690 τῆς
685 1637 797 1678 Χίου
825 1636 1006 1691 πόλεμον
1037 1635 1287 1692 εἶσενεγκών.
1351 1639 1557 1696 ΙΗπενέτῳ
1585 1638 1634 1681 δὲ
1658 1633 1781 1680 οὐδὲν

344 1694 431 1755 ἄρα
457 1694 587 1754 ἤρκει,
611 1697 702 1742 ἄλλ’
726 1697 967 1744 οἷδικεῖσθαι
987 1702 1126 1758 ἡγεῖτο
1149 1703 1222 1745 καί
1242 1702 1587 1759 ἀποστερεῖσθαι,
1603 1701 1669 1758 μὴ
1687 1717 1782 1756 μει-

441 1788 491 1823 ι5.
517 1786 689 1831 Σπιτοὲλη
717 1791 756 1824 in
772 1789 907 1825 Graeco
931 1790 1083 1826 barbaro
1108 1791 1309 1837 hospitium
1326 1796 1392 1826 est.
1415 1791 1496 1827 ΕΒ.
1521 1791 1562 1827 1³.
1790 1778 1792 1780 Ι

345 1891 454 1914 neum
475 1880 547 1914 sibi
566 1880 682 1915 videri
713 1882 886 1926 promissa
911 1882 1118 1927 persolvere
1142 1887 1180 1916 et
1204 1882 1352 1917 castello
1379 1886 1508 1927 sponte
1531 1880 1783 1927 dedendode-

347 1927 514 1959 claratam
545 1938 626 1970 erga
651 1939 688 1961 se
721 1928 998 1973 propensionem
1021 1939 1261 1972 compensare·
1311 1929 1490 1975 Quocirca
1522 1939 1560 1963 se
1589 1928 1646 1962 illi
1674 1939 1780 1973 prae-

346 1974 521 2006 fecturam
550 1973 633 2007 Chii
664 1973 815 2012 deferre.
873 1974 1039 2020 Cumque
1066 1974 1203 2008 reditus
1241 1976 1383 2008 insulae
1409 1980 1556 2009 centum
1583 1985 1624 2008 ac
1650 1974 1780 2020 viginti

346 2019 504 2052 millium
524 2030 710 2053 aureorum
733 2032 903 2054 summam
926 2022 1035 2065 plane
1051 2022 1283 2062 conficerent,
1309 2021 1356 2054 ad
1378 2021 1456 2055 eius
1479 2021 1780 2066 procurationem,

347 2064 394 2098 ad
416 2067 596 2108 praesidia
610 2078 767 2112 ususque
785 2068 1016 2109 necessarios,
1042 2074 1215 2114 quantum
1234 2079 1272 2101 re
1286 2073 1474 2113 perspecta
1492 2067 1622 2102 merito
1643 2067 1782 2112 requiri

346 2116 514 2156 putaret,
558 2112 802 2156 impenderet:
849 2113 894 2146 de
929 2114 1071 2159 reliquo
1108 2113 1301 2148 dimidium
1331 2125 1443 2148 unum
1475 2114 1516 2148 in
1553 2114 1780 2158 imperatoris

348 2158 474 2190 fiscum
490 2158 658 2192 inferret:
684 2159 796 2192 altero
817 2159 895 2203 ipse
915 2159 1105 2194 frueretur.
1146 2161 1192 2194 Et
1207 2160 1379 2206 quoniam
1397 2172 1482 2194 suus
1502 2170 1682 2205 quemque
1702 2159 1780 2193 dies

347 2203 457 2244 latet,
483 2215 637 2249 aequum
658 2216 694 2239 se
713 2210 750 2238 et
771 2207 860 2239 utile
888 2206 1056 2240 arbitrari
1075 2232 1086 2249 ,
1110 2217 1227 2241 arcem
1250 2218 1271 2239 a
1298 2206 1456 2241 Mai-tino
1477 2205 1682 2241 inchoatam
1699 2217 1781 2250 per-

348 2250 409 2283 fici
433 2257 471 2283 et
493 2261 513 2282 a
535 2260 572 2283 se
592 2261 671 2283 cum
691 2252 871 2296 praesidio
891 2255 1082 2298 occupari3
1107 2265 1200 2300 quo,
1225 2253 1256 2286 si
1278 2253 1391 2298 quid,
1416 2258 1458 2286 ut
1478 2258 1563 2286 sunt
1582 2262 1637 2285 res
1653 2251 1781 2290 huma-

347 2307 439 2337 nae,
465 2296 536 2328 sibi
569 2296 739 2330 acciderit
766 2304 803 2331 et
829 2300 924 2333 inter
951 2300 1116 2334 homines
1142 2310 1218 2333 esse
1247 2299 1415 2340 desierit,
1449 2300 1601 2332 Romani
1635 2297 1780 2339 Chium,

345 2343 408 2375 ,cui
436 2342 542 2375 multi
570 2349 607 2376 et
624 2344 751 2376 remoti
780 2349 816 2377 et
839 2346 948 2379 vicini
969 2346 1251 2391 praesertimque
1270 2346 1371 2381 Delii
1395 2345 1663 2390 Hospitalenses
1691 2344 1783 2377 insi-

350 2389 515 2429 dientur,
540 2401 586 2422 ne
608 2391 783 2423 amittant.
832 2391 930 2425 Haec
959 2404 1038 2426 cum
1064 2394 1259 2438 imperator
1285 2392 1423 2425 diceret
1447 2401 1629 2436 parvoque
1660 2390 1781 2424 officio

349 2435 448 2468 illius
474 2435 612 2481 ingenti
638 2435 814 2470 beneficio
831 2448 896 2471 suo
921 2439 1176 2483 responderet,
1211 2438 1344 2484 reliqui
1372 2449 1493 2472 omnes
1514 2437 1591 2470 eius
1614 2442 1688 2470 tam
1707 2437 1782 2470 fer-

347 2492 435 2514 vens
453 2481 705 2515 benefaciendi
735 2483 896 2516 studium
923 2485 1246 2530 obstupescebant,
1279 2484 1422 2530 quando
1447 2489 1519 2517 tam
1540 2483 1681 2516 modica
1706 2488 1780 2516 tam

347 2529 482 2571 magnis
504 2534 690 2571 pensaret,
717 2541 791 2563 non
813 2535 992 2574 reputans,
1017 2543 1135 2577 neque
1156 2537 1308 2577 quantos
1326 2535 1487 2575 sumptus
1504 2531 1542 2562 in
1559 2528 1782 2563 aedificanda

351 2573 580 2620 ornandaquc
611 2576 721 2609 classe
753 2577 850 2610 etin
887 2578 1085 2611 classiarios
1117 2579 1278 2611 fecisset:
1316 2587 1434 2622 neque
1467 2587 1576 2622 quam
1611 2575 1779 2620 grandem

349 2621 536 2665 pecuniam
549 2621 761 2655 Benedictus
783 2623 1021 2658 anniversarie
1038 2629 1280 2668 reportaturus
1295 2627 1404 2665 esset3
1430 2622 1541 2668 idque
1555 2633 1634 2655 cum
1652 2633 1779 2667 parum

352 2673 412 2700 aut
433 2667 525 2703 nihil
546 2669 642 2703 bello
665 2681 728 2715 pro
753 2669 844 2704 Chio
864 2671 1132 2706 commodasset.
1185 2670 1254 2705 Sed
1283 2669 1477 2706 Benedicto
1503 2669 1597 2703 nihil
1621 2667 1777 2704 sufficie-
