1760 3152
232 104 266 143 1.
306 96 543 142 PONTANJ
581 95 935 140 ExPLANATlo‘
961 96 1318 140 DIGNITATUM.
1400 98 1523 167 lKXXl

36 207 81 260 34}
104 210 181 259 ⁴t,
215 194 367 246 habere
391 201 655 257 pedisequum
685 213 812 240 unum
825 229 838 250 ‚
867 202 938 255 qui
958 196 1109 242 vestem
1127 195 1357 242 huiusmodi
1373 209 1524 255 portat,

134 279 165 295 v..
186 261 196 271 “
235 256 610 314 superiniiciendam
624 256 887 305 vestimentis,
909 257 942 295 si
960 259 1051 296 ae're
1064 263 1218 297 mutato
1232 256 1334 296 forte
1351 256 1480 310 pluat.

38 322 55 363 -Ϊ
285 326 336 362 ας
359 310 621 364 δομέστικος,
649 312 831 363 Magnus
851 309 1115 351 domesticus.
1145 312 1271 351 Varia
1290 312 1374 352 eius
1396 311 1526 352 officia

77 368 182 415 „ud
199 368 491 423 Curopalatam
525 366 621 406 vide
647 364 775 407 variis
794 364 908 404 locis.
963 365 1123 405 Nomen
1143 364 1351 406 domestici
1371 367 1423 407 ad
1442 366 1526 421 plu-

32 411 129 477 -fg'ffi
156 425 367 480 dignitates
424 421 622 462 ertinebat
636 451 649 473 ,
678 434 782 475 quae
800 419 989 460 adiuncto
1016 420 1346 462 discernebantur
1359 451 1371 475 ,
1400 429 1446 462 ut
1465 436 1527 463 co-

37 485 72 532 Γ,
86 493 258 532 osces,
277 494 301 520 e
320 437 469 533 qu·fius
481 477 619 532 magni
639 475 846 518 domestici
865 476 1129 532 praecipuum
1154 477 1325 518 extitisse
1337 505 1350 532 ‚
1377 491 1527 520 nomen

43 535 193 581 ¹J„..1..·
223 550 262 576 m
318 547 396 574 nus
415 534 449 574 si
507 534 515 542 '
547 538 628 572 cat.

35 578 90 627 ,Ἢ
149 582 152 583 ’
180 532 550 645 Προῖξοστράέἓέ,
572 580 883 630 Prot'ostrator.
941 583 1123 626 Absente
1141 600 1288 642 magno
1308 589 1526 633 domestico

41 639 63 654 ”
98 664 113 681 ‚2
167 644 423 700 imperatoris
451 642 652 698 spatham.
710 643 815 682 Cum
843 643 980 694 itaque
1008 643 1228 696 imperator
1256 652 1316 684 est
1343 660 1527 687 conscen-

32 714 49 740 τ·
104 720 122 735 ιι
176 731 181 736 .
207 713 374 756 equum,
403 701 550 740 comite
570 703 769 752 equorum
789 698 1042 751 imperatoris
1061 698 1284 740 adducente
1303 707 1343 739 et
1366 708 1526 742 tenente

47 756 109 804 Ὗ..
132 762 219 796 um
235 785 249 809 ,
277 761 492 810 postquam
518 753 697 794 ascendit
723 755 959 807 imperator,
989 759 1256 806 protostrator
1274 755 1526 809 prehendens

118 832 147 847 a.
167 830 175 847 ι
203 810 366 851 deducit
384 822 535 864 equum
549 808 602 849 ad
619 815 807 863 quartam
835 815 906 848 aut
924 809 1108 862 quintam
1137 823 1267 864 usque
1285 818 1441 864 partem
1462 826 1526 851 au-

37 866 71 915 33
94 887 97 901 ε
120 886 123 889 ·
145 865 301 922 palatii.
358 864 516 905 Deinde
534 865 732 919 recipiens
752 877 846 904 eum
862 877 1032 917 magnus
1058 863 1343 917 chartularius,
1365 866 1527 907 deducit

30 927 62 977 ξ
84 946 88 954 -
117 935 184 963 -ιο
213 921 267 962 ad
295 927 456 977 portam
474 933 604 976 usque
623 919 756 960 aulae.
813 919 1006 959 Similiter
1020 919 1142 959 etiam
1162 920 1272 972 facit,
1294 935 1387 960 cum
1405 923 1526 976 impe-

20 961 181 1035 ,ᾗιωτ
208 977 380 1032 pedibus
408 977 540 1016 iturus
559 981 636 1027 est,
665 989 788 1030 agens
807 973 995 1014 videlicet
1013 987 1037 1013 a
1054 982 1174 1028 porta
1194 989 1343 1030 equum
1360 976 1413 1016 ad
1433 992 1526 1018 eum

25 1032 54 1066 is*
127 1040 130 1042 “
172 1046 196 1073 e
227 1032 365 1073 locum
379 1061 392 1085 ,
421 1044 543 1086 quem
572 1037 665 1070 ante
698 1030 886 1071 diximus:
917 1043 964 1069 ex
991 1043 1073 1083 quo
1102 1031 1251 1071 iterum
1270 1033 1413 1086 recipit
1431 1047 1527 1073 eum

76 1088 77 1092 ’
144 1094 360 1139 tostrator,
389 1099 512 1141 agens
541 1085 594 1126 ad
612 1099 706 1126 eum
723 1098 852 1140 usque
870 1083 1022 1137 locum,
1051 1085 1123 1124 ubi
1153 1087 1375 1141 imperator
1402 1089 1526 1143 pedes

31 1154 155 1195 ssoesse
171 1142 288 1184 solet.
344 1140 467 1194 Quod
501 1142 535 1182 si
553 1140 657 1181 forte
702 1147 1006 1180 rotostratorem
1034 1139 1172 1181 abesse
1189 1143 1417 1197 contigerit,
1445 1143 1525 1184 hoc

132 1199 164 1240 ’t
191 1213 217 1239 a
245 1199 443 1253 principio
475 1210 604 1252 usque
632 1155 701 1237 ad,
714 1196 835 1236 finem
864 1209 1034 1249 magnus
1051 1195 1336 1237 chartularius.
1392 1197 1524 1239 Paulo

141 1260 174 1295 t:
229 1253 505 1294 Protostrator
535 1253 656 1292 etiam
683 1258 743 1292 est
762 1250 947 1291 defensor
973 1264 1200 1292 cursorum.
1223 1253 1417 1293 Cursores
1444 1253 1525 1295 hoc

15 1306 63 1344 <⁴³3
112 1307 114 1310 ’
175 1316 296 1360 sunt,
324 1310 569 1363 quicumque
595 1305 699 1347 nulli
731 1307 881 1361 agmini
917 1313 988 1346 aut
1014 1307 1128 1361 signo
1147 1306 1312 1348 militari
1332 1308 1524 1364 adscripti

29 1360 178 1416 ,sssi'tunu
196 1363 268 1406 sed
281 1365 358 1419 ipsi
377 1369 507 1403 castra
517 1369 818 1417 prosequuntur
836 1361 962 1413 ultro,
982 1369 1252 1415 exspectantes
1271 1363 1369 1403 dum
1389 1379 1524 1405 accen-

55 1420 102 1461 υἱ
127 1419 240 1460 fiant.
285 1420 360 1460 His
378 1420 487 1459 enim
503 1432 635 1473 neque
654 1417 839 1457 ordinem
855 1418 1135 1469 retinentibus,
1166 1432 1298 1472 neque
1315 1418 1523 1460 flammeo-

46 1472 153 1519 “lum
171 1475 342 1530 (signum
361 1473 532 1514 militare
547 1480 621 1526 est,
642 1473 787 1513 Latina
804 1474 975 1527 origine,
1002 1486 1027 1512 a
1046 1472 1180 1513 colore
1206 1474 1371 1529 dictum)
1386 1489 1522 1530 suum,

53 1528 138 1571 soed
154 1531 380 1571 inordinate
399 1527 698 1584 quodammodo
719 1528 921 1569 dissolutis
935 1558 947 1581 ,
979 1535 1244 1581 protostrator
1279 1532 1365 1584 ipse
1383 1531 1523 1571 subse-

62 1599 210 1641 quens,
228 1585 405 1626 defendit
422 1586 546 1639 ipsos,
564 1586 599 1625 si
618 1584 720 1624 forte
738 1583 846 1624 bello
865 1585 1159 1638 opprimantur.
1181 1585 1400 1640 Propterea
1415 1588 1523 1627 enim

10 1663 12 1666 v
54 1643 327 1696 protom-ator
355 1641 476 1681 etiam
502 1639 742 1695 appellatur,
781 1640 891 1694 quod
908 1639 983 1680 toti
1002 1640 1078 1693 ipsi
1098 1640 1275 1696 στρατῷ,
1305 1641 1348 1680 id
1377 1648 1435 1681 est
1455 1656 1523 1682 ex-

30 1697 206 1741 ,susm-citui
233 1703 394 1751 praeeat
419 1703 460 1736 et
488 1697 679 1736 consistat
696 1696 866 1749 primus.
923 1694 964 1734 A
984 1695 1213 1735 cursoribus
1231 1703 1366 1736 autem
1383 1711 1523 1738 omncs

64 1764 130 1792 res
156 1753 288 1792 varias
303 1781 316 1804 ,
345 1765 449 1806 quae
477 1750 606 1790 finilia
635 1752 895 1790 nominantur
908 1780 921 1802 ,
950 1751 1073 1790 moris
1106 1757 1165 1789 est
1194 1759 1523 1804 protostratorem

65 1807 262 1861 accipere.
317 1806 492 1846 Nomine
511 1802 733 1859 φντιλίων,
763 1805 955 1856 sutilium,
970 1806 1042 1857 (est
1062 1806 1170 1843 enim
1189 1807 1380 1845 Latinum
1399 1821 1522 1847 voca-

65 1860 240 1915 bulum,)
259 1861 530 1916 significantur
547 1874 824 1915 quaecumque
840 1874 920 1911 res,
941 1873 1044 1913 quae
1062 1873 1135 1913 per
1152 1874 1194 1899 se
1208 1861 1325 1901 nihili
1341 1869 1434 1901 sunt
1453 1870 1524 1902 aut

65 1915 170 1957 nihil
197 1917 251 1961 ad
277 1930 365 1956 rem
393 1915 608 1956 militarem
624 1916 792 1966 faciunt,
822 1915 996 1969 denique
1013 1914 1299 1968 impedimenta
1318 1916 1414 1956 belli
1435 1933 1521 1957 cer-

64 1972 234 2024 tissima,
254 1972 331 2011 nisi
351 1977 598 2012 avertantur.
627 1971 734 2010 Nam
753 1969 851 2009 haec
870 1983 1050 2010 cursores
1067 1971 1317 2011 commodius
1335 1986 1521 2027 compor-

55 2032 152 2068 tant
169 2041 292 2085 quam
309 2025 471 2077 milites,
492 2026 587 2080 quia
606 2039 689 2066 non
708 2025 875 2066 haerent
894 2026 1030 2080 signis:
1052 2031 1092 2064 et
1105 2025 1295 2066 audacius
1309 2027 1520 2083 colligunt,

64 2083 160 2137 quia
180 2097 223 2124 se
241 2081 395 2138 legibus
412 2078 496 2123 non
508 2082 640 2121 *teneri
666 2087 825 2135 putant.
855 2079 1130 2133 Quamobrem
1148 2085 1426 2135 protostratori
1445 2098 1521 2139 po-

63 2144 184 2180 testas
202 2139 295 2178 data
311 2144 371 2178 est
389 2136 517 2182 futilia
536 2138 612 2176 ista
629 2135 849 2176 auferendi.

174 2193 328 2246 Μέγας
343 2190 655 2243 κοντοσταῢλος,
683 2194 754 2246 qui
775 2190 929 2231 Gallice
948 2190 1194 2234 Conestable
1204 2221 1220 2241 ,
1249 2192 1386 2234 Italice
1408 2194 1520 2235 Con-

66 2249 276 2297 testabile,
306 2248 448 2288 Latine
468 2246 612 2287 Comes
632 2247 805 2296 stabuli.
851 2246 938 2287 Ubi
959 2249 992 2287 si
1007 2247 1209 2288 stabulum
1227 2263 1301 2302 pro
1320 2249 1442 2303 equili
1461 2265 1520 2289 ac-

49 2304 206 2358 'cipias,
235 2305 310 2344 erit
330 2303 473 2356 Comes
493 2301 656 2353 stabuli,
677 2301 742 2342 vel
773 2304 842 2356 qui
878 2310 1034 2356 praeest
1053 2304 1241 2343 omnibus
1260 2306 1386 2357 copiis
1406 2318 1520 2359 eque-

53 2358 228 2399 stribus:
248 2358 315 2399 vel
333 2360 402 2413 qui
419 2364 577 2413 praeest
595 2359 787 2412 equitatui
806 2359 1056 2412 imperatoris
1075 2358 1221 2398 aulico.
1243 2358 1367 2413 Apud
1380 2374 1519 2400 recen-

28 2436 29 2440 =
50 2414 187 2454 ‘tiores
207 2414 379 2454 Graecos
400 2421 458 2454 est
477 2413 556 2453 dux
580 2414 785 2467 copiarum
805 2413 1071 2465 auxiliarium,
1093 2429 1196 2468 quae
1216 2428 1262 2454 ex
1287 2414 1432 2468 Gallia,
1464 2416 1520 2456 Si-

48 2477 50 2479 ’
66 2468 174 2521 cilia,
193 2468 322 2520 Italia,
352 2469 527 2508 facturae
547 2468 742 2522 stipendia
760 2470 955 2508 orientem
973 2469 1177 2523 petebant.

177 2523 330 2576 Μέγας
348 2523 586 2577 λογοθέτης,
607 2524 788 2576 Magnus
807 2524 1055 2577 Logotheta.
1091 2524 1386 2565 cancellarium
1407 2526 1520 2565 Lati-

66 2579 130 2618 nis
148 2580 283 2622 vocari
307 2578 543 2632 λογοθέτην,
564 2580 620 2618 ait
640 2580 799 2618 Nicetas
817 2578 890 2619 lib.
915 2595 956 2634 7.
1013 2581 1164 2620 Munus
1190 2583 1325 2635 magni
1344 2581 1518 2635 logothe-

67 2639 131 2674 tae
148 2633 212 2674 his
229 2634 362 2674 verbis
381 2634 621 2688 Curopalata
641 2635 844 2674 describit.
899 2635 1089 2690 Disponit
1114 2636 1300 2675 mandata
1332 2644 1371 2676 et
1388 2636 1517 2677 bullas

69 2702 224 2743 aureas,
253 2703 356 2744 quae
373 2689 425 2730 ab
444 2691 682 2745 imperatore
703 2691 915 2732 mittuntur
935 2691 986 2731 ad
1004 2706 1130 2746 reges,
1160 2691 1346 2732 Sultanos
1377 2699 1415 2732 et
1441 2693 1517 2733 Το-
