1820 3164
549 90 928 169 HlsTomARUM
952 127 1005 168 11.
1032 127 1100 173 38.
1425 102 1537 178 539

95 227 495 284 οὕτως’·ῧῦμκῢιρίαν
530 224 737 284 ἐκτήσατο
776 228 957 284 πολλήν.
1009 229 1087 279 τὰς
1123 227 1169 270 δὲ
1207 221 1404 274 τοιαύτας
1430 223 1581 280 πρά-Α.
1591 224 1629 261 C·
1645 220 1732 268 1340

97 292 364 347 {eugendii}
381 292 623 349 ναυμαχίας
637 292 794 351 α’νδρός-
811 295 980 337 δεῖσθαι
998 295 1183 349 μάλιστα
1203 297 1288 342 τοῖς
1305 287 1447 341 ὅπλοις
1470 291 1539 333 ε’ν-
1596 319 1598 321 »

91 360 418 417 ‘commum'
440 365 592 416 σαφεῖς
613 358 691 410 τὰς
717 356 950 413 ἀποδείξεις
967 361 1013 404 ἒν
1029 363 1196 409 πολλοῖς
1217 358 1535 414 παρεσχημένου

91 425 168 480 τῆς
176 435 223 468 τε
235 424 392 482 τόλμης
407 424 569 481 καὶτῆς
583 423 803 482 ἐμπειρίας
813 427 887 482 τῆς
901 424 1007 469 κατὰ
1025 424 1099 477 τὰς
1120 424 1275 480 μάχας.
1295 422 1346 467 Ὅ
1371 425 1411 466 δ’
1430 420 1539 479 ἔφα-

60 487 240 536 δσκειτιὶ
249 488 321 534 ἴσα
334 491 500 545 μὲνκαί
515 489 642 542 αὐτὸς
658 491 816 534 εἰδέναι
828 493 925 549 περὶ
936 490 1328 548 παρακοιμωμὲνου.
1348 483 1442 531 οὔτε
1454 486 1536 544 γὰρ

85 553 239 599 ἓαῡτόν
252 549 370 613 ἤσκει
377 554 493 613 παρὰ
504 554 575 600 τὸν
585 557 677 611 βίον
694 558 740 600 ἒν
753 561 837 606 τοῖς
850 557 1131 614 προσήκουσιν
1141 555 1278 613 ἔργοις
1289 551 1534 613 στρατιώτῃ,

88 614 187 664 οὔτε
215 619 430 674 ἀπόδειξίν
450 638 543 666 τινα
568 622 801 679 παρέσχετο
826 624 1027 678 οὐδεμίαν
1055 618 1149 666 οὔτε
1167 622 1322 678 τόλμης
1343 615 1437 663 οὔτε
1455 622 1531 674 ἒμ-
1540 633 1658 675 Ρ,397

84 689 272 745 πειρίας·
301 684 404 731 ὅθεν
429 684 528 731 οὖδὲ
556 682 625 731 οἶα
652 686 885 745 ἀξιόχρεων
911 688 1016 746 πρὸς
1044 687 1298 745 στρατηγίας
1325 685 1397 730 τὸν
1425 686 1532 729 κατὰ

85 753 271 811 Περσῶν
290 751 472 809 πόλεμον
495 754 612 812 adt-{33
628 754 877 811 ἐγχειρίζειν
893 761 1126 811 παραινεῖν.
1154 754 1246 796 ἄλλ’
1266 751 1389 803 εἰδώς
1402 751 1533 807 μάλι-

36 831 168 862 ωοτα
189 816 289 870 τούς
304 821 480 877 Πέρσας
504 821 764 875 πεζομαχίας
785 822 865 874 μὲν
891 820 964 863 καὶ
993 819 1252 875 ἱππομαχίας
1279 817 1530 875 ἐμπειροτά-

84 899 187 935 τους
210 882 287 928 καὶ
309 885 450 929 δεινοῦ
476 887 699 941 δεομένους
722 887 798 929 τοῦ
826 888 1172 943 ἄντιστησομένου
1200 886 1453 942 στρατηγοῦ,
1481 885 1530 926 ἐν

82 948 343 1006 ναυμαχίαις
363 951 411 994 δὲ
426 951 733 1007 ἀτολμοτάτους
757 954 813 995 δι’
832 949 1026 1009 ἀπειρίαν
1037 951 1112 996 καί
1130 951 1301 1011 ῥᾳδίους
1323 952 1380 1009 τῷ
1400 965 1534 1008 προσ-

79 1013 255 1072 τυχόντι
282 1016 411 1061 παντὶ
438 1017 676 1074 ἡττᾶσθαι,
717 1013 855 1069 ἄλλως
891 1035 938 1061 τε
959 1017 1034 1062 καὶ
1047 1019 1236 1076 τριήρεσι
1260 1022 1353 1067 ταῖς
1383 1016 1533 1072 ἡμετέ-

80 1098 178 1140 ραις
194 1080 373 1134 πολλούς
400 1086 708 1141 παρεσομένους
735 1084 1056 1142 ἐμπειροτάτους
1085 1086 1159 1127 καί
1177 1083 1427 1137 ναυμαχιῶν
1453 1083 1528 1124 καὶ

28 1149 372 1205 ιὸπεζομαχιῶν,
410 1146 473 1201 οἷς
496 1149 702 1207 χρήσεται
731 1151 1104 1208 παρακοιμιόμενος
1131 1147 1398 1198 διδασκάλοις
1423 1146 1530 1205 πρός

79 1211 152 1258 τόν
169 1211 359 1270 πόλεμον,
389 1211 516 1268 αὖτός
533 1233 579 1259 τε
607 1213 749 1275 ᾠήθην
773 1215 833 1273 μὴ
862 1219 949 1260 δεῖν
976 1212 1204 1272 ἀμβλύνειν
1220 1214 1296 1272 τὴν
1315 1217 1531 1272 προθυμί-

79 1295 134 1322 αν
156 1281 290 1323 advo&
316 1280 394 1337 τὴν
421 1281 521 1340 περὶ
535 1281 588 1326 τὰ
617 1281 725 1326 καλὰ
742 1282 817 1326 καί
842 1285 920 1327 σοῦ’
939 1281 1025 1339 ἥκω
1049 1281 1294 1339 δεησόμενος
1310 1279 1384 1338 τὴν
1400 1297 1568 1338 erpa-13

76 1347 223 1403 τηγίαν
249 1348 504 1404 ἐπιτρέπειν.
557 1347 659 1398 ἴσως
684 1347 766 1407 γὰρ
795 1349 820 1406 ἦ
849 1347 1068 1406 προθυμία
1093 1350 1146 1406 τῇ
1173 1348 1350 1406 ἀτολμίᾳ
1375 1345 1451 1389 καὶ
1474 1342 1527 1388 οἷ-

75 1412 216 1471 πειρίᾳ
245 1412 494 1471 οἷντίᾷῥοπος
521 1413 729 1471 ὄφθεῖσα,
781 1416 991 1470 χρήσιμον
1028 1413 1134 1471 πρός
1168 1430 1209 1457 τι
1234 1415 1316 1457 τῶν
1345 1411 1523 1455 δεόντων

18 1476 300 1529 αοᾶποδείξει.
353 1477 460 1536 πρὸς
483 1480 621 1522 ταῦτα
650 1476 671 1521 ὅ
700 1480 901 1533 βασιλεῦς
927 1479 1046 1538 ,,ὃρῶ’
1072 1481 1152 1534 μέν
1179 1481 1254 1522 σε”
1287 1475 1378 1522 εἶπε
1406 1476 1524 1532 „psoi—

75 1547 196 1586 λιστα
232 1546 584 1601 προθυμούμενον
618 1545 878 1605 Ἀποκαύχῳ
915 1548 1000 1588 τῶν
1038 1544 1242 1602 τριήρεων
1277 1545 1522 1599 ἐγχειρίζειν

73 1608 153 1666 τήν
179 1605 342 1667 ἀρχὴν,
396 1611 468 1653 καί
496 1609 568 1652 διὰ
594 1613 720 1653 τοῦτο
750 1612 849 1653 οὐδὲ·
877 1610 1007 1654 πολύν
1033 1613 1131 1666 περὶ
1158 1611 1288 1652 αὐτοῦ
1312 1607 1521 1664 βούλομαι

72 1678 286 1718 ποιεῖσθαι
312 1675 446 1731 λόγον,
475 1672 567 1719 ἄλλ’
594 1673 616 1718 ὃ
643 1676 839 1732 προείλου
867 1679 1036 1734 πρᾶττε.
1069 1673 1251 1731 εὔχομαι
1278 1678 1325 1719 δὲ
1349 1674 1407 1732 μὴ
1438 1674 1518 1717 κοῖν

53 1747 160 1793 τοῖς
198 1740 400 1792 τοιούτοις
433 1741 562 1794 αὐτὸς
600 1746 829 1800 φανεῖσθαι
865 1742 1125 1799 ἄληθεύων.”
1194 1743 1378 1785 Τοιαῦτα
1417 1738 1518 1797 πρὸς

68 1853 287 1896 consennit,
318 1854 398 1888 iure
423 1855 570 1889 multam
594 1856 855 1902 experientiam
882 1860 936 1890 est
959 1854 1123 1901 adeptus.
1180 1854 1278 1889 Haec
1303 1859 1423 1888 autem
1447 1864 1515 1888 ne-

70 1901 169 1949 gotia
205 1906 243 1936 et
276 1901 412 1946 praelia
445 1904 628 1936 maritima
655 1903 771 1936 virum
807 1908 986 1949 quaerunt
1011 1904 1183 1943 maxime,
1216 1902 1278 1948 qui
1301 1901 1471 1935 militiam
1494 1912 1515 1936 a

69 1958 185 1993 puero
222 1947 432 1982 toleraverit
468 1950 635 1996 claraque
659 1949 885 1984 fortitudinis
911 1955 948 1983 et
971 1949 1126 1983 bellicae
1150 1948 1418 1983 exercitationis
1444 1947 1515 1982 do-

72 1999 241 2029 cumenta
263 2005 370 2042 saepe
395 1995 548 2034 dederit.
597 1997 691 2030 Tum
717 1997 793 2038 ille,
817 2007 854 2030 se
880 2007 1025 2043 quoque
1049 1995 1146 2030 haud
1170 1997 1321 2036 nescire,
1345 1995 1513 2040 Apocau-

69 2039 197 2083 chum,
222 2042 394 2088 quamdiu
415 2041 534 2077 adhuc
554 2043 700 2083 vixerit,
722 2044 761 2078 in
785 2043 886 2078 nullo
920 2054 1028 2088 opere
1051 2043 1198 2077 militari
1221 2047 1416 2083 versatum,
1445 2049 1513 2076 neb

97 2099 142 2122 uc
175 2089 291 2122 ullum
321 2089 381 2124 vel
412 2091 576 2136 generosi
599 2090 709 2124 animi
733 2091 791 2125 vel
826 2102 909 2124 usus
932 2091 1056 2125 bellici
1083 2091 1266 2135 specimen
1295 2088 1511 2135 prodidisse.

68 2099 249 2181 Quocirca
273 2147 347 2170 non
371 2147 408 2170 se
432 2142 617 2171 auctorem
645 2148 734 2177 esse,
759 2142 800 2171 ut
822 2143 1002 2183 tamquam
1027 2136 1292 2172 accommodato
1317 2136 1401 2171 duci
1428 2135 1511 2168 bel-

65 2181 144 2215 lum
166 2182 351 2217 Persicum
374 2183 582 2218 mandetur:
607 2183 671 2218 sed
698 2195 778 2217 cum
802 2184 924 2218 videat
947 2186 1065 2219 Persas
1089 2184 1249 2230 pedestri
1276 2183 1511 2230 equestrique

64 2237 187 2274 pugna
221 2229 340 2264 valere
371 2230 586 2275 plurimum,
620 2230 754 2276 quibus
779 2231 854 2265 dux
886 2231 982 2266 bene
1005 2233 1142 2277 peritus
1179 2232 1315 2277 opponi
1351 2229 1507 2270 debeat,

64 2275 188 2311 navali
213 2281 334 2310 autem
359 2277 526 2311 conflictu
555 2277 700 2311 cosdem
722 2284 872 2324 propter
894 2278 1122 2313 insolentiam
1146 2278 1394 2312 timidissimus
1419 2276 1508 2310 faci-

64 2321 176 2369 leque
199 2333 220 2357 a
253 2324 378 2370 quovis
410 2324 517 2359 obvio
543 2325 723 2369 superari:
756 2324 894 2359 adhaec
926 2325 966 2360 in
990 2325 1156 2360 Romanis
1187 2325 1397 2360 triremibus
1429 2324 1507 2356 foro

64 2369 205 2403 navalis
226 2373 263 2403 et
284 2372 462 2406 terrestris
489 2372 619 2416 praelii
643 2372 898 2406 scientissimos
913 2396 924 2412 ,
959 2384 1049 2420 quos
1085 2374 1148 2407 ille
1173 2374 1357 2418 magistros
1382 2381 1508 2415 capere

64 2417 226 2461 poterit,
251 2415 335 2451 ideo
358 2429 396 2452 se
420 2419 655 2460 existimasse,
682 2420 759 2453 eius
784 2419 830 2452 ad
854 2430 908 2453 res
932 2420 1129 2466 praeclaras
1154 2421 1328 2465 impetum
1362 2416 1509 2450 retundi

63 2473 140 2496 nou
167 2467 354 2508 oportere:
377 2470 415 2500 et
437 2470 480 2499 ut
500 2466 636 2500 navalis
662 2467 839 2499 exercitus
863 2467 1058 2512 imperator
1082 2467 1157 2508 fiat,
1180 2472 1341 2511 rogatum
1355 2464 1508 2498 venisse.

66 2507 234 2544 Forsitan
261 2511 358 2544 enim
381 2511 544 2547 ardorem
570 2514 646 2547 eius
674 2513 907 2547 timiditatem
931 2513 1116 2560 pristinam
1147 2519 1183 2547 et
1208 2513 1388 2546 inscitiam
1410 2522 1508 2544 com-

62 2560 319 2600 pensaturum,
344 2562 381 2591 et
404 2559 513 2594 alicui
538 2560 591 2593 rei
617 2560 776 2605 agundae
813 2565 936 2606 aptum
973 2566 1081 2607 atque
1115 2562 1242 2594 utilem
1271 2557 1506 2592 redditurum.

64 2602 218 2637 Rursum
242 2603 456 2650 imperator,
497 2606 594 2652 Quia
630 2612 666 2640 te
693 2607 738 2641 ad
767 2605 965 2642 triremium
1002 2608 1261 2653 praefecturam
1292 2603 1507 2649 Apocaucho

63 2648 301 2684 mandandam
328 2653 419 2687 mire
441 2664 658 2699 propensum
684 2665 790 2688 cerno
808 2679 818 2692 ,
842 2654 945 2700 plura
974 2667 1048 2690 non
1073 2654 1211 2688 dicam:
1243 2659 1283 2687 tu
1316 2650 1413 2698 quod
1438 2651 1507 2684 de-

63 2694 256 2734 liberatum
289 2696 418 2745 hahes,
456 2700 564 2737 facias
599 2700 693 2737 licet.
755 2701 899 2739 Utinam
930 2702 1039 2739 falsus
1073 2707 1169 2737 vates
1208 2700 1377 2749 reperiar.
1423 2698 1505 2735 Post
