1832 3132
295 120 400 174 292
811 108 1178 152 CANTACUZENI

100 222 181 260 ΑΒ.
200 224 359 267 ιὸαθτες
391 211 442 258 εὖ
464 216 612 256 παθεῖν
640 211 714 266 τῆς
745 211 805 258 εἰς
834 211 1007 264 βασιλέα
1031 211 1149 252 ἕνεκα
1175 208 1354 258 εὖνοίας.
1403 207 1442 251 οἱ
1472 209 1512 250 δ’
1538 206 1723 264 ἔφασαν,

291 281 488 335 Κάμαρις
506 280 583 331 μὲν
602 278 820 317 καλεῖσθαι
844 273 916 315 καί
932 274 1222 328 Καστελιάνος,
1246 274 1376 328 μηδὲν
1385 274 1432 314 δὲ
1445 274 1585 325 αἰτεῖν,
1606 268 1711 314 ἀλλά

290 350 437 401 προῖκα
462 343 539 384 τοῦ
563 340 688 382 καλοῦ
715 341 830 381 ἕνεκα
853 337 925 380 καί
950 339 1025 380 τοῦ
1048 340 1162 394 κοινῇ
1198 340 1504 388 λυσιτελοῦντος
1523 336 1596 393 τὴν
1623 339 1729 380 ἐπι-·

285 410 474 462 χείρησιν
489 406 696 447 ὑπελθεῖν.
716 404 807 446 ἐπεὶ
825 405 872 445 δὲ
893 402 965 444 καί
984 398 1111 450 αὖθις
1134 401 1430 457 ἐπιτρέψαντος
1456 399 1480 443 ὃ
1502 401 1716 456 βούλοιντο

290 473 431 524 αἰτεῖν,
464 468 730 525 ἰσχυρίσαντο
758 469 886 510 αἰτεῖν
908 468 1059 521 μηδὲν,
1087 464 1341 521 παραλαβών
1365 465 1514 516 αὐτούς
1537 463 1634 522 ἦγεν
1660 463 1743 515 αἷςό

289 536 477 591 βασιλέα.
505 534 711 587 συμμίξας
735 534 781 574 δὲ
801 529 923 589 αὐτῷ,
946 530 996 585 ,,ὃ
1022 529 1146 579 θεὸς”
1164 527 1274 572 εἶπεν
1308 525 1369 588 ,,ᾦ
1390 530 1442 573 σύ
1464 530 1546 587 πρὸ
1565 533 1717 587 μικροῦ

289 602 550 657 παρέσχηκας
578 595 607 639 ἃ
635 594 754 651 εἶχες,
778 595 807 638 ἃ
831 596 1027 651 βούλεται
1052 598 1127 638 νῦν
1163 593 1288 644 αὐτὸς
1308 595 1549 651 adaprant?
1576 594 1719 648 ἄνεμί-

247 677 275 710 C
290 680 443 720 μνησκε
469 666 515 706 δὲ
544 659 667 704 αὐτὸν
694 660 815 717 ἔργου
845 660 983 714 τινὸς,
1035 659 1058 701 ὃ
1078 656 1130 715 ἦν
1159 661 1424 714 εἰργασμένος
1450 657 1721 716 πρὸμικροῦ.

401 729 472 780 νζ.
517 723 606 769 '‘E-n
632 725 707 782 γὰρ
739 725 1064 781 ἐνδιατριζθοντος
1095 726 1395 781 Θεσσαλονίκῃ,
1443 725 1526 766 τῶν
1558 725 1721 766 aiv-Rv-

297 792 444 850 ζαντίῳ
483 795 652 845 βασιλεῖ
681 793 736 847 τῷ
775 792 1038 846 πρεσβυτέρῳ
1087 788 1291 831 συνόντων
1347 788 1627 844 συγκλητικῶν
1651 830 1653 832 ,
1675 790 1774 839 ’ἔξω

294 856 643 912 συμφωνήσαντες
679 860 770 903 ταῖς
795 855 999 908 γνώμαις,
1042 856 1280 907 πέμψαντες
1315 855 1374 903 εἰς
1403 853 1718 907 Θεσσαλονίκην,

252 921 538 975 Βὸἶιειλέγοντο
564 919 704 975 κρύφα
725 921 782 976 τῷ
808 923 992 971 βασιλεῖ,
1021 919 1099 971 ὥς,
1128 919 1166 960 εἰ
1191 916 1378 971 βούλοιτο
1399 917 1628 968 Βυζάντιον
1645 932 1720 958 κα-

294 991 483 1039 τασχεῖν,
512 984 649 1025 αὐτῶν
675 982 1010 1039 παραδιδόντων,
1042 980 1167 1038 (ἦσαν
1193 981 1271 1038 γὰρ
1303 979 1376 1023 οὖκ
1404 978 1603 1024 ἀδύνατοι
1628 996 1720 1022 ποι-

296 1051 388 1105 εῖν,)
418 1049 580 1103 πρῶτον
602 1050 680 1100 μὲν
705 1048 848 1095 αὐτοῖς
874 1045 1166 1089 πιστώσασθαι
1194 1048 1248 1088 δι’
1278 1042 1414 1101 ὅρκου,
1443 1046 1517 1101 τῆς
1543 1060 1588 1087 τε
1614 1042 1720 1100 ὖπη-

230 1159 238 1169 ·
297 1114 440 1169 ρεσίας
472 1113 542 1168 ἐφ’
568 1109 620 1167 ἢν
647 1114 720 1154 νῦν
763 1115 879 1152 τελεῖ
898 1109 970 1153 τὸν
996 1114 1125 1165 μέγαν
1154 1108 1380 1166 ἀποστῆσαι
1406 1112 1627 1164 λογοθὲτην
1650 1106 1774 1151 mim&

296 1177 534 1231 Μετοχίτην
561 1177 630 1217 καί
657 1174 727 1217 διὰ
754 1176 846 1230 βίου
876 1173 1028 1223 παντὸς
1067 1176 1120 1216 δι’
1151 1174 1414 1230 ὅργῆςέχειν
1440 1174 1512 1216 καὶ
1539 1170 1721 1228 συγγνώ-

295 1258 377 1297 μην
402 1242 607 1296 μηὸέποτε
634 1246 889 1296 παρασχεῖν·
934 1238 1074 1282 ἔπειτα
1104 1241 1150 1282 δὲ
1174 1241 1246 1281 καί
1261 1241 1376 1295 ’ἕτερ’
1404 1233 1511 1280 ἅττα
1537 1234 1616 1280 ὅσα
1644 1237 1724 1278 αὖ-

297 1306 366 1349 τοί
400 1306 590 1363 ᾐτοῦντο,
637 1307 884 1361 ἐκπληροῦν.
940 1300 1016 1347 κᾶν
1056 1307 1191 1346 ταῦτα
1219 1304 1361 1353 αὐτοῖς
1387 1304 1640 1358 πιστώσηται
1667 1304 1722 1345 δι’

299 1367 444 1427 ὅρκων,
471 1371 602 1425 μηδὲν
629 1370 958 1423 ἀναβαλλόμενον
983 1365 1107 1424 ἥκειν,
1136 1369 1194 1417 ὥς
1221 1366 1309 1422 ἅμα
1337 1369 1394 1425 τῷ
1421 1370 1559 1410 ἐλθεῖν
1586 1371 1724 1423 παρα-

299 1434 529 1491 ληψόμενον
566 1433 639 1489 τὴν
679 1433 822 1477 πόλιν.
879 1436 947 1490 ἐφ’
976 1431 1037 1483 οἷς
1075 1433 1320 1489 ἀπεκρίνατο
1349 1433 1370 1475 ὃ
1397 1432 1614 1487 βασιλεὺς,
1650 1433 1777 1474 τοῧ2ο

299 1503 377 1554 μὲν
403 1498 519 1555 μήτε,
535 1495 659 1542 αὗτὸν
687 1501 731 1541 ἐν
757 1501 814 1556 τῷ
837 1499 930 1542 νυνί
947 1501 1109 1556 πολέμῳ
1131 1500 1268 1540 αἰτίαν
1287 1500 1592 1553 παρεσχῆσθαι,
1618 1498 1723 1553 μήθ’

300 1564 376 1620 ὑφ’
413 1562 564 1619 ἑτέρων
597 1563 778 1616 μάλιστα
803 1565 962 1605 ἐθέλειν
989 1565 1206 1618 κινηθῆναι
1231 1560 1304 1618 τήν
1331 1559 1481 1618 ἀρχὴν,
1509 1561 1582 1603 καὶ
1612 1572 1724 1616 κινητ-

171 1634 212 1669 V·
232 1632 295 1679 144
306 1631 448 1679 θέντος
475 1631 545 1681 δὲ,
573 1628 708 1670 πάντα
740 1626 892 1683 τρόπον
928 1629 1228 1682 ἐπινενοηκέναι
1253 1626 1325 1669 καί
1347 1627 1552 1682 μηχανὴν,
1580 1629 1635 1682 δι’
1662 1621 1724 1669 ὧν

399 1751 450 1774 ιο.
476 1738 709 1785 πρεσβυτέρῳ
734 1724 808 1773 ΕΙ).
823 1739 860 1775 Ρ.
890 1749 956 1783 pro
975 1738 1243 1783 πρεσβυτέρων.

305 1829 349 1862 de
382 1827 587 1861 nominibus
614 1831 651 1860 et
675 1827 705 1859 si
730 1826 819 1872 quid
840 1826 885 1858 ab
911 1827 1125 1870 imperatore
1148 1830 1296 1870 petant,
1317 1826 1533 1872 interrogat:
1558 1827 1721 1873 quando-

306 1874 453 1920 quidem
491 1884 555 1916 pro
579 1873 831 1904 benevolentia
853 1872 892 1904 in
915 1873 1019 1903 illum
1044 1872 1168 1916 aliquo
1196 1871 1295 1916 digni
1321 1877 1468 1906 munere
1492 1873 1720 1918 apparebant.

306 1918 555 1964 Respondent,
584 1928 694 1957 unum
720 1917 904 1957 Camarin,
937 1918 1088 1950 alterum
1120 1917 1363 1951 Castelianum
1398 1919 1591 1963 appellari3
1629 1919 1724 1952 nihil

305 1972 450 2010 petere,
478 1963 540 1996 sed
573 1963 724 2007 gratuito
741 1962 945 1995 ‘honestatis
978 1967 1014 1995 et
1050 1964 1244 1996 communis
1276 1964 1506 1997 emolumenti
1531 1970 1634 1998 causa
1654 1965 1724 1999 hoc

307 2012 425 2055 operis
449 2019 679 2054 aggressuros.
726 2008 816 2048 Ubi,
841 2007 1035 2042 domestico
1063 2009 1194 2041 iterum
1216 2014 1430 2053 potestatem
1451 2010 1600 2054 petendi
1624 2011 1723 2056 quod

306 2056 441 2089 vellent
475 2057 666 2094 offerente,
698 2064 734 2086 se
766 2054 860 2086 nihil
890 2060 1012 2098 petere
1038 2059 1283 2095 summarum,
1321 2055 1366 2088 ad
1391 2057 1637 2100 imperatorem
1661 2064 1722 2090 eos

309 2101 476 2134 adducit:
511 2101 567 2132 cui
603 2100 750 2144 propior
774 2100 906 2139 factus,
945 2100 1061 2140 Deus,
1097 2101 1241 2146 inquit,
1266 2102 1323 2134 cui
1348 2106 1386 2134 tu
1410 2102 1518 2145 paulo
1546 2107 1629 2135 aute
1655 2102 1723 2135 oh-'-

309 2147 424 2179 tulisti
451 2157 541 2191 quae
565 2144 694 2186 habes,
729 2156 819 2189 quae
852 2146 930 2178 vult
953 2157 1048 2178 nunc
1068 2146 1137 2178 tibi
1165 2147 1360 2190 rependitr
1385 2153 1422 2180 et
1451 2148 1559 2181 simul
1583 2149 1635 2181 rei
1659 2159 1723 2181 cu-

309 2193 468 2232 iusdam,
492 2201 595 2236 quam
617 2202 690 2224 non
713 2191 763 2222 ita
789 2190 927 2234 pridem
950 2196 1166 2234 patraverat,
1197 2203 1277 2225 eum
1303 2194 1582 2227 commonefacit.

402 2239 459 2282 57.
505 2237 647 2269 Etenim
679 2247 756 2269 cum
781 2235 896 2269 adhuc
919 2236 1194 2270 Thessalonicae
1216 2243 1431 2279 moraretur,
1464 2249 1508 2272 ex
1538 2239 1722 2284 optimati-

311 2283 377 2316 bus
410 2283 464 2315 τινὶ
489 2292 549 2314 sex
578 2283 818 2326 conspirantes
849 2293 926 2314 cum
953 2293 994 2315 eo
1019 2283 1156 2315 occulte
1181 2289 1354 2327 egerunt,
1382 2285 1413 2317 si
1435 2285 1595 2328 placeret
1613 2296 1721 2318 occu-

309 2341 395 2374 pare
419 2329 626 2371 Byzantium
641 2352 650 2367 ‚
677 2328 762 2371 ipsis
785 2327 1009 2360 tradentibus
1024 2353 1034 2368 ,
1059 2328 1157 2373 quod
1179 2335 1370 2373 poterant,
1403 2331 1555 2373 primum
1585 2341 1622 2363 se
1644 2331 1720 2364 'illis

307 2374 536 2408 iureiurando
561 2373 816 2417 obstringeret,
837 2385 983 2406 munere
998 2398 1007 2414 ‚
1022 2385 1093 2418 quo
1118 2385 1214 2407 nunc
1237 2374 1444 2419 fungeretur
1459 2400 1468 2415 ,
1492 2386 1656 2420 magnum
1666 2377 1723 2409 lo-

312 2419 492 2465 gothetam
517 2423 716 2451 amoturum
737 2424 772 2450 at
799 2430 844 2451 ue
869 2419 924 2451 illi
946 2420 1208 2463 inperpetuum
1230 2431 1481 2454 succensurum
1511 2432 1629 2467 neque
1649 2433 1723 2455 un-

310 2477 414 2510 quam
434 2464 655 2510 ignoturum:
689 2431 820 2496 deinde
844 2465 912 2497 alia
936 2464 1127 2509 quaedam,
1151 2476 1244 2510 quae
1268 2467 1503 2509 postularent,
1526 2467 1723 2511 praestitu-

309 2523 398 2545 rum.
423 2512 476 2544 Ita
493 2510 524 2542 si
542 2510 696 2550 fecisset,
722 2510 799 2542 sine
820 2520 918 2542 mora
938 2511 1088 2551 veniret;
1112 2510 1217 2543 simul
1233 2512 1328 2544 enim
1342 2518 1527 2545 venturum
1542 2518 1579 2546 et
1596 2513 1723 2547 urbem

309 2557 349 2589 in
372 2560 584 2600 potestatem
603 2560 840 2599 accepturum.
889 2555 1003 2599 Super
1021 2555 1152 2601 quibus
1176 2556 1362 2601 respondit
1377 2559 1580 2602 imperator,
1603 2570 1722 2604 neque
1771 2555 1773 2559 ’

310 2613 347 2634 se
369 2601 454 2634 huic
470 2598 573 2634 bello'
594 2606 700 2645 caput
728 2601 838 2633 fuisse
853 2625 862 2640 ‚
892 2612 1010 2646 neque
1042 2602 1188 2635 omnino
1221 2602 1266 2635 ab
1297 2603 1378 2636 aliis
1402 2603 1442 2636 id
1473 2605 1636 2638 suscitari
1658 2615 1724 2638 vo-

309 2647 440 2692 luisse3
464 2651 501 2681 et
519 2657 561 2681 eo
587 2646 776 2688 suscitato,
801 2645 945 2681 modum
964 2642 1131 2692 <viamque
1163 2658 1305 2682 omnem
1327 2650 1564 2695 excogitasse,
1589 2651 1721 2696 quibus
