1832 3138
295 114 314 148 1
327 95 401 161 04
797 102 799 105 ’
819 109 1195 165 ΟΑΝΤΑΟΠΖΕΝΙ

91 218 271 259 A.C.132=
289 209 501 270 ἀφεστῶσι
528 212 824 265 πολεμοῦντες,
866 217 951 262 τοῖς
981 213 1022 255 δ’
1048 211 1109 255 ἔτι
1135 215 1310 266 μένουσι
1339 213 1530 270 φρουρὰς
1556 216 1729 270 muez-

241 276 468 331 Βστοίντες,
497 273 609 326 ὅπως
633 274 694 333 μὴ
721 273 983 320 οἷποσταῗσιν·
1012 275 1040 319 εἳ
1068 280 1112 327 ἐς
1138 274 1240 326 ὅσας
1264 276 1446 333 ἀνάγκας
1466 279 1579 335 ἡμᾶς
1599 283 1728 324 ma-

282 343 450 398 στήσει,
490 344 671 406 συνορᾷν
695 341 796 399 χρή.
838 341 902 386 ἔτι
930 344 977 386 δὲ
1004 340 1167 385 κοῖκεΐνο
1195 344 1486 400 ἐνεθυμήθην,
1512 345 1573 395 οἷς
1592 342 1649 401 ὅ,
1680 361 1729 389 τε

282 410 366 450 τῶν
399 410 616 464 Τριβαλαῖν
651 407 818 464 ἡγεμών
858 408 937 450 καί·
967 408 990 451 o‘
1017 410 1099 451 τῶν
1126 409 1297 450 Μυσῶν
1323 408 1522 461 βασιλεὺς
1549 413 1729 468 Syma-

281 474 478 526 σθλάβος,
506 472 706 529 κηδεσταὶ
729 476 935 528 βασιλέως
961 469 1082 527 ὄντες,
1110 475 1186 516 νῦν
1211 475 1292 527 μὲν
1320 475 1598 532 διαφέρονται
1618 476 1754 534 πρὸςό

282 535 410 580 αὐτὸν
448 537 567 580 ἰδίων
605 540 732 581 τινῶν
769 539 890 582 ἕνεκα
918 542 1083 582 αἰτιῶν·
1129 535 1183 581 ἂν
1210 540 1257 581 δὲ
1286 537 1358 580 διὰ
1385 537 1456 582 τὸν
1481 538 1590 596 πρὸς
1607 541 1726 598 ’ἡμᾶς

181 614 271 659 v.54
283 603 464 658 πόλεμον
492 602 742 660 διαλύσηται
768 602 875 661 πρὸς
909 603 1087 658 αὐτούς,
1117 605 1191 646 καί
1216 603 1390 662 κελεύσῃ
1418 607 1613 662 βοηθεῖν,
1650 622 1728 651 πο-

277 671 436 723 λεμίοις
474 665 620 719 αὐτοῖς
649 670 899 726 χρησόμεθα
943 669 1261 727 φοβερωτάτοις.
1313 672 1487 713 τοιαῦτα
1523 672 1608 726 μὲν
1624 694 1633 697 >
1651 674 1730 715 «αι’

278 736 400 792 ἕτερα
430 735 737 792 δυσχερέστερα
755 732 1045 793 ἆναφυήσεται
1072 736 1173 791 ἡμῖν
1200 733 1333 789 κακὰ,
1362 731 1416 778 ἂν
1436 734 1501 792 ’μή
1530 736 1730 793 αὖωβοεί

277 798 354 856 τὴν
380 797 500 843 πόλιν
529 801 709 854 ἕλωμεν,
750 799 937 857 καθάπερ
969 801 1100 844 αὐτοί
1121 817 1252 858 φατε·
1300 797 1353 843 ἂν
1391 803 1439 844 δὲ
1465 800 1781 859 τραπόμεθαιο

279 865 382 923 πρὸς
405 863 480 921 τήν
505 862 699 922 ἑσπέραν,
727 868 891 923 πρῶτον
912 869 991 920 μὲν
1013 866 1058 909 τὸ
1081 868 1268 910 κωλῦσον
1295 863 1430 921 οὐδὲν,
1459 865 1727 925 ἅπασοϋὺῷ

177 940 214 977 Ρ.
225 928 454 982 67ἒαυτούς
479 931 741 986 ποιήσασθαι
767 933 813 974 ἐν
836 935 1002 989 βραχεῖ’·
1031 933 1074 975 οἵ
1097 948 1141 974 τε
1166 931 1248 988 γὰρ
1277 929 1478 990 ἑσπέριοι,
1507 931 1730 990 αὔθόρμη-

278 1012 346 1040 τοι
372 995 474 1053 πρὸς
500 995 576 1047 τὰς
603 996 871 1051 ἀποστασίας,
900 997 973 1040 καὶ
997 997 1351 1055 προσχωρήσουσι
1378 999 1536 1058 ῥᾳδίως
1561 1001 1622 1057 τῷ
1643 1000 1726 1057 νέῳ

277 1066 456 1117 βασιλεῖ,
479 1063 701 1119 χαίροντες
728 1060 828 1120 πρὸς
853 1061 951 1113 τούς
978 1062 1297 1120 νεωτερισμοὺς,
1326 1064 1372 1107 οἳ
1387 1068 1426 1107 τ’
1455 1060 1727 1121 ἐφεστηκότες

277 1132 371 1178 ταῖς
398 1124 565 1170 πόλεσιν
591 1127 801 1183 ἡγεμόνες,
826 1126 908 1171 ὑπό
934 1144 980 1171 τε
1005 1130 1089 1172 τῶν
1108 1128 1227 1172 ἰδίων
1253 1131 1427 1180 ἕκαστος
1454 1130 1633 1173 πολιτῶν
1656 1129 1780 1172 sac-15

276 1190 526 1247 βιαζόμενος
551 1195 623 1236 καί
648 1192 725 1250 τήν
752 1194 931 1250 ἆδήλίαν
958 1196 1188 1246 δεδοικότες
1213 1197 1288 1252 τῆς
1314 1193 1447 1252 τύχης
1454 1229 1468 1250 ,
1510 1194 1590 1237 οὔκ
1613 1193 1722 1238 εἶδό-

276 1274 346 1307 τες
372 1256 477 1315 πρὸς
505 1255 698 1315 ὁπότερον
725 1262 809 1302 τῶν
835 1261 1045 1315 βασιλέων
1071 1258 1118 1303 τὸ
1149 1261 1301 1318 κράτος
1327 1260 1528 1318 χωρήσει,
1557 1260 1616 1318 τῷ
1643 1255 1722 1302 ‹hv-‘-

276 1324 492 1381 νατωτέρῳ
519 1322 564 1367 τὸ
593 1327 668 1368 νῦν
696 1323 795 1379 ἔχον
823 1329 1063 1384 φαινομένῳ
1100 1328 1172 1371 καί
1197 1327 1340 1377 αὐτοῖς
1366 1327 1610 1384 ἐπικειμένῳ
1638 1341 1720 1368 πα-

276 1388 518 1447 ραδώσουσι
535 1389 610 1439 τὰς
627 1389 777 1440 πόλεις.
816 1388 867 1432 οὗ
889 1389 973 1447 μήν
995 1388 1102 1434 ἀλλὰ
1124 1392 1196 1435 καί
1214 1390 1419 1446 βασιλεῦς
1438 1390 1513 1434 καί
1521 1420 1524 1422 —
1528 1390 1724 1446 χρήμασι

275 1457 350 1497 καί
383 1461 527 1507 τιμαῖς
561 1454 635 1497 καί
671 1457 848 1512 δωρεαῖς
876 1451 1022 1506 ἄλλαις
1049 1455 1325 1511 ἀμειβόμενος
1349 1455 1449 1507 τούς
1475 1455 1778 1512 προσιόνταςαο

271 1518 378 1577 πρὸς
403 1518 578 1575 ἑαυτὸν,
614 1520 689 1564 καί
712 1520 814 1571 τούς
838 1521 896 1578 μή
925 1525 1207 1577 βουλομένους
1232 1522 1433 1580 πρότερον
1460 1517 1513 1565 ἂν
1539 1519 1720 1579 ἐφελκύ-

242 1595 411 1641 Βσηται·
439 1585 580 1629 ἔπειτα
609 1589 657 1630 δὲ
683 1589 756 1630 καί
781 1586 856 1638 οὓς
883 1586 1054 1644 εἴπομεν
1080 1586 1285 1646 ἡγεμόνας
1309 1590 1392 1631 τῶν
1428 1584 1596 1644 ὅμόρων
1621 1586 1723 1642 ἡμῖν

272 1653 411 1694 ἐθνῶν
430 1652 745 1706 ἀποκνήσουσιν
771 1650 872 1708 ἡμῖν
900 1653 958 1702 ὥς
986 1648 1180 1703 δυνατοῖς
1206 1649 1590 1696 ἀντικαθίστασθαι
1613 1649 1720 1707 πρὸς

269 1715 464 1770 πόλεμον,
492 1712 518 1773 ἢ
540 1716 880 1773 συμμαχήσουσι.
918 1717 965 1760 τὸ
985 1718 1066 1774 γάρ
1089 1717 1267 1777 δυνατὸν
1290 1720 1350 1766 εἰς
1378 1717 1592 1760 ἀντίδοσιν
1613 1721 1728 1759 ποιεῖ’

272 1810 474 1846 desertores
499 1822 766 1858 oppugnemus,
795 1817 832 1845 et
857 1811 923 1853 iis,
949 1812 1012 1857 qui
1037 1811 1076 1847 in
1102 1811 1173 1845 fide
1196 1816 1432 1852 manserunt,
1463 1822 1510 1844 ne
1533 1810 1605 1856 ipsi
1626 1822 1720 1857 quo-

271 1869 344 1903 que
375 1857 598 1899 desciscant,
632 1857 815 1903 praesidia
850 1857 1086 1903 imponamus.
1151 1858 1249 1892 Haec
1280 1859 1320 1892 in
1359 1860 1510 1904 quantas
1534 1857 1718 1903 angustias

269 1916 336 1937 nos
361 1905 569 1937 coniectura
596 1905 688 1945 sint,
713 1904 994 1949 intelligendum
1021 1909 1085 1938 est.
1134 1904 1232 1938 Illud
1255 1904 1406 1950 insuper
1433 1914 1574 1938 meeum
1598 1904 1718 1936 revol-

269 1950 327 1992 vi,
358 1955 395 1984 et
419 1950 665 1986 Triballorum
688 1950 890 1996 principem
922 1956 960 1983 et
982 1951 1190 1985 Moesorum
1217 1961 1339 1996 regem
1363 1948 1716 1995 Sphentisthlahum‚

268 1997 496 2042 imperatoris
533 1998 590 2030 avi
635 2002 823 2042 cognatos,
871 1997 1029 2041 privatas
1071 2008 1151 2030 cum
1198 2009 1241 2031 eo
1278 1997 1479 2031 simultates
1513 1995 1622 2030 modo
1651 2007 1717 2030 ex-

270 2053 403 2077 ercere.
452 2042 612 2088 Quodsi,
646 2049 795 2088 propter
829 2043 967 2077 bellum
991 2044 1089 2077 istud
1116 2044 1313 2088 composita
1347 2043 1437 2083 lite,
1475 2042 1521 2077 ad
1546 2052 1584 2081 se
1607 2041 1715 2076 adiu·-

268 2089 425 2125 vandum
462 2089 547 2122 illos
583 2090 814 2130 invitaverit,
858 2089 978 2123 hostes
1015 2101 1077 2123 eos
1109 2090 1287 2134 imprimis
1321 2089 1573 2124 formidabiles
1597 2090 1716 2134 patie-

268 2147 357 2171 mur.
395 2137 467 2168 Ista
497 2141 533 2168 et
556 2136 626 2170 alia
651 2136 942 2170 intolerabiliora
968 2136 1063 2169 mala
1092 2137 1199 2171 nobis
1225 2137 1455 2178 exorientur,
1483 2136 1557 2169 nisi
1591 2146 1716 2186 quem·—

270 2181 464 2215 admodum
490 2193 552 2215 vos
579 2183 741 2215 futurum
762 2181 903 2223 dicitis,
928 2183 1054 2215 urbem
1073 2185 1188 2226 primo
1210 2184 1331 2217 statim
1354 2184 1492 2228 impetu
1515 2182 1713 2226 capiamus.

270 2228 318 2263 At
336 2239 420 2262 vero
447 2228 477 2260 si
505 2228 550 2261 ad
578 2228 804 2270 occidentem
835 2240 901 2263 nos
938 2235 1202 2271 convertamus,
1250 2230 1407 2275 primum
1437 2228 1532 2262 nihil
1547 2228 1713 2270 vetabit,

273 2286 345 2320 quo
370 2274 490 2307 minus
509 2274 610 2308 brevi
635 2280 751 2308 totum
775 2277 814 2309 in
841 2281 1058 2319 potestatem
1079 2276 1304 2322 redigamus:
1344 2276 1587 2310 occidentales
1613 2276 1712 2309 enim

272 2326 401 2366 suopte
426 2321 571 2366 ingenio
598 2321 643 2354 ad
672 2322 912 2355 defectionem
937 2323 1184 2367 propendent,
1225 2329 1264 2357 et
1291 2328 1333 2356 ut
1359 2323 1466 2357 rebus
1493 2322 1596 2355 novis
1621 2332 1712 2366 gau-

273 2368 412 2408 dentes,
438 2379 513 2401 non
542 2367 739 2401 difficulter
763 2369 899 2402 iuniori
925 2370 1135 2413 imperatori
1154 2380 1231 2403 sese
1251 2369 1404 2402 tradent.
1454 2368 1604 2402 Urbium
1624 2377 1710 2401 vero

269 2415 462 2462 praefecti,
488 2416 739 2460 unusquisque
765 2426 786 2447 a
815 2415 954 2449 civibus
979 2417 1051 2448 suis
1079 2417 1213 2457 coacti,
1246 2417 1475 2460 incertosque
1499 2425 1598 2448 casus
1631 2425 1710 2448 me-

270 2466 435 2502 tuentes,
467 2472 534 2494 nec
558 2461 700 2506 liquido
725 2463 900 2502 scientes,
934 2463 1050 2495 utrius
1078 2462 1239 2496 futurum
1264 2464 1312 2495 sit
1334 2462 1544 2506 imperium,
1581 2461 1644 2505 qui
1668 2461 1710 2494 in

268 2518 437 2551 praesens
461 2510 647 2551 potentior
670 2508 873 2548 videbitur,
912 2514 949 2542 et
972 2509 1059 2553 ipsis
1094 2509 1289 2549 institerit,
1323 2509 1356 2540 ei
1388 2507 1494 2541 urbes
1523 2506 1710 2544 addicent.

268 2553 397 2601 Neque
420 2554 480 2587 hic
505 2556 736 2588 consistetur:
764 2555 827 2587 sed
851 2556 1046 2599 imperator
1069 2560 1256 2599 praeterea
1274 2555 1406 2599 partim
1429 2559 1596 2598 argento,
1619 2563 1708 2598 par·-

267 2601 334 2634 tim
354 2600 552 2634 honoribus
567 2627 576 2642 ,
610 2603 739 2646 partim
764 2602 845 2634 aliis
872 2602 1061 2646 congiariis
1087 2601 1131 2634 ad
1157 2613 1195 2635 se
1215 2606 1441 2634 transeuntes
1464 2611 1707 2640 remunerans,

269 2647 377 2680 etiam
403 2649 503 2691 prius
527 2657 547 2679 a
575 2659 612 2682 se
643 2649 780 2681 alienos
812 2648 957 2682 alliciet.
1006 2648 1150 2681 Deinde
1182 2659 1327 2694 quoque
1355 2647 1589 2680 finitimarum
1614 2657 1706 2692 gen-

266 2694 359 2731 tium
383 2695 587 2743 principes,
625 2706 715 2745 quos
741 2695 921 2735 diximus,
955 2700 1018 2728 aut
1041 2706 1127 2740 prae
1152 2695 1294 2739 ignavia
1317 2693 1483 2727 resistere
1506 2693 1632 2735 nobis,
1664 2697 1706 2726 ut
