1832 3138
325 117 392 172 52
849 131 1213 176 CANTACUZENI

125 240 303 279 A.C.1320
316 238 397 287 λῶς
419 236 705 289 στοχάσασθαι
737 230 845 289 ἔφη’,
890 230 953 275 ἔτι
986 235 1128 287 μέντοι
1153 249 1199 289 γε
1226 231 1442 288 καρτερίαις
1473 231 1552 276 καὶ,
1573 228 1762 289 μογέων-ῥ’
1799 239 1802 250 “

317 300 477 356 ψυχίας
505 300 720 356 προσδεῖν,
764 292 866 354 ἄχρι
900 297 973 340 καὶ
1004 298 1138 353 αὕτῆς
1168 299 1250 340 τῶν
1279 297 1479 340 κινδύνων
1505 299 1580 352 τῆς
1608 298 1756 353 ἆκμῆς.
1779 334 1783 339 .

315 362 461 422 ἤλπιζε
485 363 564 419 γάρ
589 360 658 404 ἆεί
671 365 921 417 μεταβαλεῖν
937 363 1010 405 καὶ
1030 363 1110 405 τῶν
1133 362 1427 416 μελετωμένων
1447 359 1770 418 ‹invadosa-‘Im'

315 427 386 472 τὸν
408 429 597 482 βασιλέα.
624 425 699 480 »τὸ
728 428 774 468 δὲ
797 428 870 470 νῦν
898 426 1015 482 ἔχον,
1055 425 1154 484 περὶ
1175 427 1248 481 τῆς
1275 427 1516 480 βασιλι’δος”
1541 423 1624 482 ἔφη
1652 428 1755 484 ,,τῆς
1806 468 1811 485 ὃ

316 493 412 546 ἐμοὶ
435 492 623 534 συνοίκου
642 492 847 545 σκεπτέον,
871 492 911 533 εἰ
925 491 1012 548 χρὴ
1032 490 1104 533 καί
1123 490 1276 546 ταύτην
1297 491 1523 547 φεύγουσιν
1537 487 1638 546 ἡμῖν
1652 492 1779 536 συν-5
1796 499 1813 532 s

317 555 534 598 έπεσθαι.”
559 552 613 610 ἦν
635 557 675 596 δ’
689 556 733 597 ἐκ
747 557 974 612 Γερμανῶν
991 553 1096 610 αὕτη
1119 555 1307 610 θυγάτηρ
1331 553 1475 604 δουκὸς
1495 556 1559 598 ντὶ
1572 557 1756 612 ΙΠπρου-
1806 584 1809 588 ⁴

323 619 449 674 ζουὴκ
481 621 555 662 τοῦ
582 619 670 676 παρ’
701 616 841 669 αύτοῖς
871 619 1198 677 ἐπιφανεστάτου
1223 621 1295 661 καί
1317 618 1575 679 λαμπρότητι
1601 617 1757 669 πάντας

281 690 308 724 C
323 683 418 733 τοὺς
442 681 679 740 ὁμοφύλους
710 683 1036 740 ὑπερβάλλοντος
1067 686 1142 726 τοῦ
1169 686 1323 738 γένους.
1351 689 1436 733 τοῖς
1457 685 1536 738 μὲν
1554 679 1632 727 οὖν
1657 684 1758 727 δυσὶ

317 749 403 790 τῶν
427 750 659 804 ἀναγκαίων
677 748 811 790 ἐδόκει
834 751 907 791 καί
926 747 1002 804 τήν
1022 751 1096 791 τοῦ
1110 751 1313 803 βασιλέως
1327 746 1512 804 γαμετὴν
1533 763 1757 805 συμπαρα-

274 811 286 822 ’
322 817 489 867 λαβεῖν,
531 812 600 855 διὰ
631 811 676 855 τὸ
703 815 776 855 καί
799 810 953 863 αύτούς
974 814 1057 864 ,τὰς
1088 819 1285 869 γυναῖκας
1317 812 1428 868 ἔχειν
1453 815 1551 866 μεθ’
1577 809 1807 866 ἑαυτῶν,ιο

322 877 396 921 καὶ
418 876 488 920 διά
514 880 636 920 τοῦτο
667 879 760 921 δέον
781 875 888 921 εἶναι
913 877 1023 937 πάσῃ
1049 880 1215 936 μηχανῇ
1242 875 1506 936 χρήσασθαι,
1556 873 1661 922 ὥστε
1686 875 1760 921 καὶ

324 940 400 997 τὴν
412 944 610 995 βασιλίδα
630 950 813 985 συνεῖναι
832 945 891 1000 τῷ
916 947 1095 998 βασιλεῖ.
1175 933 1182 955 ’
1629 998 1633 999 ⁷

295 1014 329 1047 D
440 1006 497 1049 ιά.
551 1009 893 1063 Καντακουζηνὸς
921 1010 960 1050 ‹5’
982 1009 1007 1050 ὅ
1023 1011 1154 1063 μέγας
1180 1010 1417 1063 δομέστικος
1435 1008 1633 1060 τάναντία
1653 1022 1758 1064 φρο-

328 1073 412 1115 νῶν
427 1067 502 1128 ἦν,
529 1070 602 1113 καὶ
621 1071 695 1121 τοὶς
715 1072 856 1122 ,αἰτίας
882 1074 1131 1129 προσετίθει·
1157 1076 1349 1131 ,,πρῶ’τον
1368 1076 1447 1127 μὲν
1468 1074 1575 1131 γὰρ”
1603 1071 1759 1130 ἔφασκε

323 1139 422 1191 »τῆς
453 1135 752 1193 ἀναχωρήσεως
773 1135 892 1193 ἡμῶν
920 1141 1127 1195 λαθραίας
1149 1140 1362 1194 γινομένης
1390 1138 1462 1181 καί
1473 1139 1809 1193 κατεσπουδα-ι5

324 1203 500 1256 σμένης,
529 1202 884 1246 ἐπικινδυνότατον
906 1206 1068 1258 γυναιξὶ
1095 1201 1199 1260 πρὸς
1228 1202 1278 1246 τά
1313 1205 1485 1246 τοιαῦτα
1519 1205 1602 1246 τῶν
1629 1201 1761 1260 ἔργων

325 1263 513 1316 ἆσθενῶς
537 1266 731 1320 ἐχούσαις
763 1266 835 1308 καὶ
865 1264 1026 1324 οἶφυῶς·
1073 1270 1145 1310 καί
1168 1266 1269 1323 ἡμῖν
1298 1269 1345 1311 δὲ
1373 1269 1513 1318 αὐτοῖς
1541 1264 1590 1310 οὗ
1609 1265 1758 1324 μικρὸς

326 1330 350 1372 ὅ
363 1332 549 1380 κίνδυνος
567 1331 841 1374 ὑποπτεύεται
849 1366 862 1386 ,
890 1334 956 1374 ἐπ’
981 1328 1117 1375 αὐτῶν
1140 1335 1222 1375 ταῖν
1241 1331 1372 1390 ἔργων
1401 1330 1662 1390 καταφώροις
1688 1348 1754 1387 γι-

325 1397 526 1449 νομένοις·
552 1394 694 1438 ἔπειτα
712 1395 790 1438 εἴτε
813 1397 886 1438 καί
907 1396 1010 1453 τύχῃ
1032 1401 1311 1454 χρησαμένοις
1341 1400 1463 1439 τοῦτο
1482 1397 1586 1454 πρὸς
1609 1396 1656 1440 τὰ
1681 1397 1758 1455 ῥᾴ-

328 1460 417 1503 διον
435 1460 640 1516 ἄποβαίη,
685 1462 777 1503 ἀλλ’
803 1458 881 1516 οὗχ
902 1461 1053 1516 ὁμοίως
1077 1462 1301 1518 ἀπαντήσει
1325 1464 1397 1505 καί
1416 1460 1466 1504 τὰ
1484 1460 1591 1516 μετὰ
1613 1462 1816 1504 vairano

418 1552 453 1585 6.
479 1551 532 1583 Ita
556 1549 680 1594 scripsi
704 1562 748 1584 ex
772 1549 976 1583 coniectura
997 1552 1073 1587 ED.
1099 1552 1150 1593 Ρ.,
1187 1553 1251 1597 qui
1275 1552 1320 1586 ad
1344 1551 1379 1584 h.
1404 1552 1429 1585 l.
1455 1552 1526 1584 ita:
1563 1550 1606 1582 In
1624 1548 1760 1582 Graeco

420 1593 559 1631 δουκός
588 1598 678 1642 ντὶμ
700 1589 937 1641 προυζουῆκ,
982 1597 1047 1629 ubi
1072 1599 1127 1630 nil
1151 1599 1298 1635 omnino
1321 1602 1529 1642 corruptum
1556 1600 1646 1649 est,q
1662 1593 1763 1641 quod

421 1642 473 1674 ait
495 1642 692 1685 interpres,
730 1642 794 1675 sed
819 1643 869 1675 ita
894 1642 1140 1677 scribendum:
1178 1641 1314 1680 δουκὸς
1337 1642 1694 1689 ντι,Μπρουζουηκ,
1720 1640 1762 1674 id

425 1692 497 1727 est,
524 1688 667 1728 Italice,
702 1687 798 1722 duca
823 1688 863 1721 di
882 1689 1093 1732 Brunzuik;
1126 1701 1206 1722 nam
1234 1691 1312 1723 eius
1341 1689 1483 1734 linguae
1509 1698 1654 1732 magnus
1676 1697 1762 1720 usus

423 1732 750 1778 Constantinopoli,
777 1739 816 1766 ut
835 1735 1013 1767 eoniicere
1040 1740 1094 1767 est
1118 1745 1163 1767 ex
1187 1736 1346 1769 locorum
1371 1733 1696 1779 appellationibus,
1719 1737 1763 1765 ut

427 1777 598 1822 Φράντζα
625 1785 660 1812 et
682 1781 833 1823 Σαβωία
858 1785 923 1812 etc.
971 1780 1127 1813 Litterae
1151 1786 1271 1814 autem
1290 1792 1333 1815 ντ
1349 1781 1469 1815 valent
1488 1777 1514 1812 δ
1530 1779 1627 1823 apud
1646 1779 1761 1812 Grae-

427 1834 485 1856 cos
516 1825 725 1864 inferiores,
758 1829 800 1857 ut
822 1826 915 1858 infra
938 1826 1080 1869 patebit
1102 1828 1264 1870 saepius3
1294 1836 1354 1873 μπ
1378 1827 1500 1860 valent
1519 1828 1572 1869 β,
1592 1829 1635 1860 ut
1654 1835 1760 1871 μπα-

427 1868 518 1903 λότα
540 1881 606 1915 pro
630 1871 778 1911 balota,
804 1880 840 1906 et
861 1870 1107 1914 Μπαῖουλος,
1131 1873 1282 1915 Bailus,
1307 1883 1439 1907 nomen
1460 1871 1653 1906 Venetum.

334 1937 528 1978 fateretur,
562 1943 682 1972 tamen
702 1940 841 1972 excelso
863 1945 900 1972 et
925 1940 1080 1984 patienti
1100 1942 1218 1974 animo
1239 1952 1354 1986 usque
1378 1940 1423 1974 ad
1441 1941 1559 1985 ipsum
1580 1938 1761 1972 discrimi-

334 1983 390 2015 nis
420 1983 608 2016 articulum
637 1984 916 2029 exspectandum
941 1997 1016 2018 esse
1039 1987 1199 2027 monuit,
1223 1998 1304 2019 cum
1327 1997 1448 2019 senem
1471 1986 1578 2018 aliam
1600 1989 1758 2018 mentem

334 2028 545 2070 induturum
563 2035 599 2062 et
622 2042 642 2063 a
666 2031 846 2075 conceptis
870 2032 1054 2064 maleficiis
1080 2031 1295 2065 destiturum
1320 2031 1524 2065 confideret.
1571 2029 1676 2063 Nunc
1697 2041 1763 2063 au-

335 2079 409 2107 tem
431 2074 475 2107 de
501 2076 649 2120 coniuge
671 2087 749 2109 mea
770 2076 1034 2110 decernendum
1058 2083 1124 2116 est,
1155 2079 1288 2122 inquit,
1311 2083 1429 2111 utrum
1445 2088 1522 2110 eam
1541 2075 1763 2120 fugientibus

335 2120 442 2153 nobis
468 2131 562 2165 pone
587 2122 689 2167 sequi
709 2127 880 2166 oporteat.
930 2123 1027 2156 Haec
1050 2134 1069 2156 e
1096 2123 1281 2158 Germanis
1301 2129 1378 2157 erat
1394 2123 1568 2169 principis
1589 2122 1763 2155 Brunsui-

337 2166 471 2206 censis,
496 2166 591 2210 apud
612 2179 692 2200 suos
713 2169 987 2201 eminentissimi
1010 2174 1046 2202 et
1067 2169 1256 2213 splendore
1281 2171 1418 2214 generis
1442 2170 1537 2202 inter
1562 2178 1683 2202 omnes
1709 2166 1765 2201 sui

338 2211 476 2244 ordinis
495 2212 599 2245 facile
622 2214 806 2258 praecipui
827 2215 911 2246 filia.
962 2215 1211 2248 Protostratori
1233 2216 1343 2259 igitur
1363 2221 1400 2249 et
1415 2215 1603 2260 Syrgianni
1624 2213 1764 2246 facien-

339 2257 426 2291 dum
448 2257 648 2298 videbatur,
673 2260 727 2291 uti
750 2259 973 2304 imperatoris
1002 2261 1187 2305 coniugem
1207 2267 1438 2302 assumerent,
1463 2260 1606 2307 quando
1632 2264 1669 2292 et
1692 2259 1765 2302 ipsi

338 2314 419 2336 suas
443 2314 562 2336 secum
587 2303 784 2338 haberent:
812 2306 900 2350 quin
926 2317 1068 2340 omnem
1091 2307 1248 2352 lapidem
1272 2307 1500 2349 movendum,
1523 2311 1566 2340 ut
1588 2309 1625 2339 et
1646 2306 1764 2351 impe-

339 2350 450 2383 ratrix
475 2361 554 2382 cum
577 2351 792 2392 imperatore
817 2356 919 2385 esset.

437 2407 485 2429 ιι.
523 2396 570 2429 At
605 2397 698 2429 enim
724 2396 988 2430 Cantacuzenus
1027 2409 1176 2442 magnus
1206 2396 1422 2431 domesticus
1457 2409 1615 2433 seorsum
1648 2396 1764 2430 abiis

334 2442 519 2481 sentiens,
545 2442 726 2486 opinionis
755 2454 837 2475 suae
860 2449 1038 2476 momenta
1057 2444 1113 2476 his
1132 2444 1250 2476 verbis
1275 2445 1486 2488 explicavit:
1511 2445 1665 2478 Primum
1687 2443 1765 2476 dis-

342 2487 456 2520 cessio
486 2493 605 2520 nostra
631 2488 850 2521 clandestine
876 2494 912 2522 et
941 2491 1046 2523 anxie
1071 2489 1175 2523 nobis
1200 2490 1443 2534 satagentibus
1467 2491 1588 2523 futura
1614 2495 1690 2523 est:
1725 2488 1765 2522 id

343 2533 487 2566 feminis
506 2534 551 2566 ad
573 2533 779 2566 huiusmodi
803 2535 964 2568 laborem
988 2536 1137 2568 infirmis
1163 2541 1200 2569 et
1222 2541 1348 2568 natura
1366 2547 1591 2581 nequaquam
1611 2535 1765 2575 idoneis,

345 2589 518 2612 summum
548 2580 746 2623 periculum
781 2581 968 2613 conflabit:
1006 2588 1043 2615 et
1075 2592 1140 2614 nos
1170 2582 1240 2625 ipsi
1272 2593 1344 2614 non
1378 2582 1558 2616 mediocre
1590 2580 1764 2614 hahemus

344 2622 535 2657 formidare
561 2625 773 2666 discrimen,
811 2627 839 2659 si
866 2627 904 2658 in
928 2627 1020 2659 facto
1046 2628 1122 2671 ipso
1146 2626 1359 2671 deprehensi
1390 2628 1572 2661 fuerimus.
1619 2626 1766 2660 Adhaec

345 2671 483 2703 etiamsi
508 2670 650 2704 fortuna
673 2671 815 2706 favente
835 2671 903 2704 hoc
931 2675 1047 2716 operis
1066 2673 1160 2706 bene
1178 2673 1404 2718 processerit,
1428 2679 1550 2707 tamen
1567 2673 1766 2717 posteriora

345 2727 418 2751 non
448 2715 599 2762 perinde
631 2719 808 2753 evenient.
857 2718 947 2752 Nam
981 2719 1012 2752 si
1045 2719 1089 2758 ab
1122 2731 1186 2756 avo
1210 2730 1333 2754 manus
1364 2718 1411 2753 'ad
1434 2731 1501 2759 nos
1522 2718 1763 2765 insequendos
