1820 3164
624 112 1003 158 ffls‘romAmm
1042 117 1098 160 ιι.
1125 122 1194 176 39.
1503 102 1614 179 547

164 208 568 266 ὥνια-ἀπέχεσθαι’
589 207 740 270 αὗτῆς.
769 213 862 258 ἀλλ’
892 217 934 259 εἴ
955 219 1036 272 μέν
1066 234 1110 262 τι
1131 222 1207 263 καί
1231 220 1348 279 παρὰ
1377 222 1424 265 τὸ
1455 225 1611 280 προσῆ-
1624 229 1707 266 A.c.
1724 232 1805 278 1341

164 290 238 321 aar
259 269 460 332 ἤκουσται
490 277 620 335 aniz-(fi,
666 280 718 336 τῇ
742 279 913 340 ἀπειρίᾳ
938 286 1015 326 τοῦ
1037 285 1226 337 εἰπόντος
1251 289 1653 344 προσλογιζεσθαι·0

166 335 302 399 αὖτῆν
329 341 378 384 δὲ
406 340 604 398 ἡγεῖσθαι
629 343 749 389 θεῖόν
773 362 815 388 τι
833 350 982 404 χρῆμα
1011 349 1085 393 καὶ
1112 349 1238 408 ἱερὸν,
1270 353 1348 396 καί
1370 350 1446 396 τοῦ
1465 369 1509 397 τε
1530 357 1621 398 κατ’

166 402 297 463 αὖτῆς
325 407 540 451 παύεσθαι
569 411 714 464 λέγειν.
771 408 877 454 ἀλλὰ
909 414 983 457 καὶ
1010 415 1055 458 εἴ
1078 433 1118 459 τι
1153 418 1467 475 συναρπασθεὶς
1497 421 1619 463 συνέ-

137 474 305 527 §rumpe
322 475 416 516 κατ’
435 473 580 531 αὐτῆς,
611 474 670 525 αἷς
695 476 907 530 ἀπωλειάς
931 476 1028 533 ἄξια
1051 483 1334 540 παραδιδόναι
1356 484 1471 541 πυρί.
1517 485 1617 528 ου’ὃὲ

163 527 246 594 γαρ
273 533 385 582 ὅσιον
416 539 517 582 οὐδὲ
540 536 677 592 ἄλλως
713 545 812 585 νοῦν
841 543 954 601 ἕχον,
989 548 1247 605 γεωμετρίαν
1266 551 1347 604 μὲν
1368 549 1442 593 καί
1465 547 1657 607 domo-v.
1675 555 1743 591 265

163 601 315 656 νομίαν
343 603 434 663 καὶ.
454 605 650 663 ἀριθμῶν
688 607 914 664 ἀναλογίας
954 612 1213 667 βουλόμενόν
1245 632 1340 658 τινα
1378 615 1618 660 ἐκδιδάσκε-

162 669 292 724 σθαι,
327 667 391 727 ’μῆ
423 671 483 730 τῷ
513 670 817 733 ἀμαθεστάτῳ,
863 672 969 720 ἀλλά
1003 680 1063 737 τῷ
1097 678 1321 740 δεινοτάτῳ
1353 680 1453 739 περὶ
1479 684 1617 726 ταῦτα

157 736 347 794 -φοιτᾷνε
394 737 470 793 τῆς
502 738 550 780 δὲ
589 732 716 789 ὅντως
761 742 1015 800 φιλοσοφίας
1051 748 1124 788 καί
1162 747 1235 802 τῆς
1271 746 1371 804 περὶ
1405 747 1615 804 οὐρανίων

108 799 422 858 ,ιοπραγμάτων
455 802 649 858 γνώσεως
682 807 742 864 τῷ
772 809 870 863 περὶ
901 812 1036 854 ταῦτα
1074 811 1249 871 ἀμυήτῳ
1274 815 1465 869 χρῆσθαι
1498 815 1664 858 dida-D

162 864 346 926 σκάλῳ.’
375 868 506 926 ἒχρῆν
540 869 621 928 γὰρ
656 869 787 916 αὐτὸν
825 868 926 918 ’ὄντα
960 875 1196 935 φιλόσοφον
1227 877 1300 920 καί
1336 881 1420 922 ταῖν
1454 882 1616 923 πολλῶν

159 929 421 990 ὑπερέχοντα
452 939 644 991 συνέσει,
676 937 760 994 εἴγε
792 941 891 997 περὶ
923 941 1125 985 τοιούτων
1157 944 1290 986 ἐδεῖτο
1323 948 1481 998 μαθεῖν
1505 963 1616 1003 πρα-

157 998 343 1055 γμάτων,
374 996 403 1058 ἢ
422 999 624 1059 πρότερον
646 1005 1020 1062 διερευνησάμενον
1047 1010 1106 1066 τῷ
1128 1007 1245 1066 παρὰ
1268 1011 1356 1068 θεῷ
1375 1013 1447 1066 τῆς
1468 1011 1616 1054 τοιαύ-
1642 1033 1649 1040 «

158 1079 233 1122 της
261 1062 440 1122 χάριτος
462 1064 702 1129 ἦξιωμένῳ,
743 1068 812 1129 (οὗ
844 1071 924 1130 γὰρ
961 1072 1012 1129 δὴ
1055 1071 1298 1133 ἀνθρωπίνῃ
1326 1089 1372 1131 γε
1393 1079 1560 1120 συνέσει
1587 1073 1615 1134 ἢ

104 1130 323 1190 λὸσπουδῇ
347 1130 400 1175 τὰ
422 1137 599 1178 τοιαῦτα
628 1139 921 1196 περιγι’νεται,)
958 1136 1097 1198 ἀδόλῳ
1126 1140 1269 1199 γνώμῃ
1299 1143 1374 1184 καί
1399 1142 1535 1199 πάσης
1563 1140 1616 1186 οἷ-

156 1200 424 1258 πηλλαγμένῃ
445 1202 697 1259 κακουργίας
727 1209 975 1260 προσελθεῖν
1012 1209 1085 1249 καί
1108 1207 1208 1264 περὶ
1225 1202 1284 1250 ὧν
1311 1207 1505 1262 ἐβούλετο
1529 1210 1615 1251 δεῖ·

153 1266 264 1327 σθαι
291 1268 474 1319 μαθεῖν·
520 1263 570 1324 (ἦ
596 1267 677 1326 γὰρ
702 1265 757 1312 ἂν
778 1271 933 1321 ἐκεῖνος
955 1270 1089 1329 σοφὸς
1121 1269 1179 1316 ἀίν
1197 1269 1250 1316 τοὶ
1269 1277 1372 1316 θεῖα
1391 1273 1465 1317 καί
1479 1277 1616 1332 μέτρα

155 1330 425 1387 μαθημάτων
457 1328 614 1393 ἑκάστῳ
645 1333 906 1392 προσήκοντα
940 1336 1064 1388 εἰδώς
1102 1337 1210 1382 κατὰ
1246 1338 1322 1395 τήν
1348 1340 1421 1396 τῆς
1452 1340 1618 1396 καθαίρ-ῥ

157 1410 265 1446 σεως
301 1392 550 1454 ἀναλογίαν,
597 1399 672 1443 οὖκ
695 1398 766 1446 ,ἂν
797 1402 1087 1446 ἕνεπιῖττευσεν
1124 1405 1230 1462 ἀκοῇ
1267 1406 1412 1464 σαθρᾷ
1438 1407 1617 1462 βροντῆς

96 1455 264 1517 4ποῆῐχον
287 1462 334 1505 ἐκ
362 1463 594 1520 προοιμίων
619 1466 777 1520 εὐθυς,
821 1459 929 1510 ἀλλά
962 1467 1059 1523 βίου
1088 1467 1291 1528 πρότερον
1322 1470 1515 1531 ἀκριβείᾳ
1544 1470 1619 1514 καὶ

157 1527 291 1586 πολλῇ
330 1532 559 1590 φιλοσοφίᾳ
595 1531 670 1574 καί
695 1535 844 1576 πασῶν
881 1535 1035 1591 γηΐνων
1063 1537 1231 1579 ἐννοιῶν
1256 1532 1441 1591 εὖλόγων
1465 1553 1512 1579 τε
1543 1538 1739 1584 καίΡ.332

151 1589 218 1649 ,μῆ
247 1593 444 1638 τοιούτων
468 1591 670 1641 ἀποθέσει
688 1598 765 1655 τήν
794 1598 941 1655 ψυχὴν
970 1597 1022 1642 ἂν
1047 1598 1251 1658 πρότερον
1279 1603 1469 1654 ἐδίδαξεν
1491 1603 1615 1648 ἐκκα-

156 1661 293 1718 θᾶραι
320 1660 396 1704 καί
426 1655 543 1706 οὕτω
560 1665 644 1707 ταῖν
670 1663 800 1723 ἱερῶν
825 1666 1053 1724 προθύρων
1083 1669 1158 1723 τῆς
1181 1667 1306 1718 θείας
1335 1667 1518 1724 ταυτησὶ
1539 1684 1614 1712 σο-

148 1801 281 1836 >vatum
307 1797 390 1838 iret,
414 1797 502 1833 dum
526 1809 621 1846 quae
642 1811 718 1835 non
744 1805 863 1835 essent
888 1801 1105 1836 mentiretur
1129 1806 1167 1838 et
1191 1802 1396 1844 calumniis,
1421 1804 1612 1841 utssnescio

160 1856 314 1892 quorum
335 1845 514 1880 malorum
539 1847 715 1892 originem
730 1872 740 1889 ,
767 1853 1002 1894 oppugnaret,
1027 1848 1360 1896 abstinendumque
1385 1849 1431 1883 ab
1458 1861 1501 1884 eo
1527 1862 1614 1896 per-

157 1889 310 1926 suadere
339 1897 544 1932 conaretur.
590 1893 663 1928 Sed
693 1895 724 1928 si
761 1894 851 1941 quid
876 1895 1037 1930 audisset
1062 1895 1314 1937 indecentius,
1357 1896 1526 1931 inscitiae
1551 1897 1614 1931 di—

158 1937 274 1973 centis
299 1937 544 1974 adscriberet:
570 1941 685 1985 ipsam
708 1941 806 1975 vitae
831 1943 1009 1976 rationem
1034 1948 1194 1976 sanctam
1219 1947 1256 1976 et
1275 1942 1435 1977 divinam
1464 1944 1615 1979 duceret

158 1989 198 2020 et
231 1985 268 2019 ei
301 1985 482 2021 oblatrare
507 1986 708 2022 desisteret.
764 1989 803 2022 Si
834 1988 924 2035 quid
950 1990 1061 2023 etiam
1085 1989 1253 2023 adversus
1279 1990 1456 2029 eamdem,
1483 1993 1613 2026 affectu

157 2042 234 2067 non
256 2031 355 2066 bono
379 2038 514 2068 arceto
535 2033 710 2076 detortus,
736 2036 1017 2082 conscripsisset,
1042 2041 1083 2070 ut
1101 2036 1309 2082 perditione
1335 2037 1485 2082 dignum
1509 2037 1616 2072 flam-

156 2079 225 2115 mis
248 2078 422 2114 aboleret.
478 2081 555 2116 Nec
591 2083 689 2116 enim
730 2094 807 2118 esse
832 2084 888 2118 fas
929 2094 997 2118 nec
1027 2083 1224 2117 secundum
1249 2084 1447 2126 rationem,
1485 2095 1614 2129 quem-

155 2129 256 2175 piam
300 2127 538 2172 geometrica,
580 2132 821 2165 astronomica
861 2135 899 2165 et
931 2141 1162 2164 numerorum
1196 2133 1451 2177 proportiones
1483 2132 1614 2166 volen-

157 2175 234 2212 te‘m
257 2174 469 2220 percipere,
493 2175 631 2211 nedum
655 2178 700 2211 ad
728 2178 1034 2218 indoctissimum,
1059 2177 1123 2210 sed
1149 2175 1196 2211 ad
1220 2177 1467 2212 doctissimum
1489 2179 1613 2212 venti-

157 2225 259 2256 tare:
284 2219 324 2255 in
347 2231 431 2256 vera
455 2227 578 2257 autem
603 2224 835 2270 philosophia
856 2230 893 2259 et
918 2225 1125 2270 cognitione
1144 2236 1264 2258 rerum
1290 2225 1498 2259 caelestium
1527 2236 1615 2269 pro-

158 2268 284 2303 fanum
307 2278 349 2301 ac
371 2280 448 2303 non
472 2269 656 2304 initiatum
679 2274 887 2318 magistrum
911 2270 1097 2305 adhibere·
1147 2273 1362 2316 Oportuisse
1388 2273 1484 2306 enim
1508 2271 1614 2306 illum

158 2321 202 2350 ut
225 2311 484 2360 philosophum
519 2322 556 2351 et
587 2318 831 2364 intelligentia
855 2323 1097 2363 praestantem
1131 2318 1279 2360 multis,
1316 2318 1499 2364 siquidem
1524 2319 1613 2352 talia

159 2361 301 2398 discere
325 2362 515 2408 cupiebat,
547 2370 610 2398 aut
629 2367 730 2411 prius
782 2367 940 2400 uaesisse
965 2377 985 2399 a
1011 2365 1085 2400 Deo
1110 2362 1321 2399 huiusmodi
1346 2366 1460 2410 gratia
1484 2365 1614 2410 digna-

142 2415 238 2455 >tum
271 2412 365 2449 (non
389 2409 485 2444 enim
509 2410 666 2447 humano
694 2413 770 2447 inte
787 2413 883 2448 lectu
908 2412 1073 2446 studiove
1099 2413 1166 2448 ista
1189 2414 1451 2459 acquiruntur)
1475 2417 1512 2445 et
1535 2414 1614 2445 sin-

161 2467 244 2492 cero
270 2457 391 2491 animo
417 2462 529 2504 atque
566 2459 612 2492 ab
637 2461 734 2493 omni
759 2460 984 2506 malignitate
1016 2469 1126 2494 vacuo
1152 2458 1323 2494 accedere
1339 2484 1348 2500 ‚
1384 2465 1421 2493 et
1451 2457 1497 2492 de
1527 2459 1613 2505 qui-

159 2501 230 2537 bus
259 2501 390 2545 vellet,
425 2515 548 2551 rogare
583 2502 706 2541 doceri
742 2505 822 2553 (qui
860 2507 989 2553 utique
1026 2505 1229 2541 divinarum
1262 2517 1382 2540 rerum
1412 2517 1541 2552 gnarus
1576 2510 1614 2539 et

161 2555 339 2596 quantum
363 2551 518 2599 quisque
541 2551 649 2586 huius
675 2554 891 2599 disciplinae
915 2558 1080 2599 caperet,
1109 2553 1208 2587 haud
1232 2554 1374 2586 nescius
1389 2578 1399 2594 ‚
1424 2551 1613 2586 iuxta-di-

159 2597 268 2630 vinae
289 2598 514 2644 purgationis
537 2600 725 2634 modulum
753 2611 828 2635 non
854 2602 979 2635 statim
1001 2600 1047 2635 ab
1070 2601 1180 2634 initio
1204 2611 1308 2633 aures
1326 2600 1490 2634 flaccidas
1515 2598 1614 2632 toni-

161 2643 237 2677 trui
260 2644 382 2679 sonitu
405 2645 619 2681 imbuisset:
651 2646 715 2682 sed
749 2649 847 2682 vitae
867 2649 967 2693 prius
991 2649 1223 2682 accuratione
1247 2646 1434 2692 multaque
1459 2645 1613 2680 scientia

164 2693 204 2724 et
226 2690 387 2728 omnium
410 2693 675 2740 cogitationum
700 2700 925 2730 terrenarum
948 2706 990 2730 ao
1011 2695 1146 2731 rationi
1171 2694 1480 2730 consentientium
1502 2703 1612 2739 repu-
