1832 3138
260 176 262 179 Ι
311 107 384 161 62
843 115 1207 161 CANTACUZENI

58 220 60 222 ’
120 224 159 265 Α.
173 228 432 268 &namurco
451 221 534 262 τῶν
554 219 855 275 πραττομένων·
882 216 921 260 οῖ
950 220 990 260 δ’
1013 212 1132 261 ἄλλοι
1166 215 1279 265 τινὸς
1302 216 1381 269 μὲν
1403 216 1521 259 ἕνεκα
1541 214 1726 272 μεγάλου
1774 207 1787 276 ’ζ

308 285 381 341 τὴν
400 285 648 338 μετάκλησιν
681 281 882 325 ὑπενόουν
913 279 1019 325 εἶναι
1029 316 1043 336 ,
1084 283 1157 324 καί
1181 279 1400 337 τεκμήριον
1432 283 1647 324 ἐποιοῦντο
1673 279 1720 323 τό

183 358 226 393 V.
250 353 294 396 34
307 349 399 398 τούς
436 350 584 397 ἵππους
610 346 776 401 ἔχοντας
796 349 903 390 ἰέναι
926 346 1026 403 πρὸς
1058 346 1110 388 τὰ
1142 344 1334 401 βασίλεια
1355 347 1648 402 nezevaae'jaqaq
1664 342 1727 387 εἶ-

274 423 300 459 C
306 430 383 468 χον
408 414 453 454 δὲ
470 414 623 454 εἰδέναι
644 414 776 467 σαφὲς
801 410 945 464 οὐδὲν,
973 409 1078 467 πλὴν
1104 409 1154 453 τά
1185 409 1282 466 περὶ
1307 412 1381 452 τοῦ
1411 411 1623 467 Καθαροῦ
1642 411 1726 464 ’τῆς

303 479 443 536 φήμης
469 475 809 533 διαθρυλλούσης,
831 478 1056 533 (διεδέδοτο
1074 474 1152 531 γὰρ
1173 471 1252 531 ἤδη
1281 473 1384 531 πρὸς
1407 476 1600 533 πάντας,)
1622 475 1752 520 laetvs

299 560 342 586 τι
359 542 430 585 καὶ
454 542 634 584 οἰκοῦσαι
652 541 888 598 καινότερον
913 537 1095 597 ἤλπιζον.
1123 538 1160 582 οἱ
1180 542 1257 594 μὲν
1285 541 1330 583 ἐν
1352 539 1516 596 τούτοις
1547 535 1670 596 ἦσαν.

270 629 302 662 1)
414 606 475 662 ιγ’.
531 604 736 656 Βασιλεύς
755 607 795 648 δ’
820 604 844 648 ὅ
859 608 949 657 νέος
971 606 1084 657 νύξιν
1102 605 1345 661 ὑποκριθείς
1368 606 1442 661 τῆς
1461 602 1641 662 γαστρὸς
1654 605 1727 647 καί

302 671 405 729 πρὸς
426 671 522 722 τούς
542 673 724 727 ἐξωτέρω
752 673 836 713 τῶν
861 672 1084 726 βασιλείων
1113 668 1292 722 ἐξελθών
1316 668 1475 724 οἴκους,
1503 664 1578 712 τόν
1594 671 1726 724 μέγαν

302 739 544 791 δομέστικον
568 734 764 791 ἀνεζήτει·
793 735 930 792 εὑρών
953 737 1025 789 δὲ,
1054 734 1133 778 σύν
1163 731 1278 790 ἄλγει
1300 734 1373 776 καί
1397 733 1561 793 ἀθυμίᾳ
1579 734 1726 789 ψυχῆς

301 801 382 857 »σὺ
407 804 458 855 δ’,
486 796 519 843 ὦ
540 802 683 855 ’γαθὲ”
715 795 835 858 ἤρετο
859 797 992 855 ,,ὁ’που
1010 802 1137 856 μέχρι
1157 802 1232 843 νῦν
1251 795 1300 855 ἦς
1312 803 1352 853 ,·”
1381 798 1404 841 ὅ
1425 801 1472 841 δὲ
1498 800 1779 855 περιπαθέ-ιυ

301 882 446 923 στερον
468 863 728 922 ἆπεκρίνατω
749 862 881 919 ,,ὅπου
894 867 973 919 μὲν
992 863 1066 908 οὐκ
1085 864 1330 921 ἠβουλόμην,
1357 862 1383 919 ἧ
1408 866 1450 906 δ’.
1470 863 1628 920 ἀνάγκη
1642 864 1726 906 τῶν

301 932 557 988 πραγμάτων
580 929 797 973 συνώθει.”
819 928 893 974 εἶτ’
911 931 1146 986 ἐξαγγείλας
1170 927 1248 973 ὅσα
1271 946 1316 972 τε
1339 929 1637 984 ἐβουλεύσαντο
1656 927 1730 970 καὶ

301 995 376 1040 ὅσα
397 996 577 1053 ἔπραξαν
601 991 703 1053 ἄχρι
724 994 830 1050 τότε,
858 998 932 1052 τῆς
950 999 1027 1049 μὲν
1049 997 1201 1052 βουλῆς
1224 994 1413 1045 αὐτοῖς”ὄ
1433 992 1633 1050 βασιλεῦς
1654 996 1729 1037 καὶ

300 1065 385 1105 τῶν
414 1063 705 1119 πραττομένων
733 1061 912 1118 χάριτας
948 1061 1164 1116 ὡμολόγει·
1190 1062 1414 1118 ἐρωτηθεὶς
1447 1062 1488 1103 δ’
1509 1056 1543 1114 ὅ,
1569 1075 1612 1102 τι
1636 1061 1726 1102 δέοι

300 1126 497 1183 πράττειν
528 1123 709 1180 αὐτούς,
749 1126 823 1183 τὴν
856 1128 935 1181 μὲν
969 1125 1085 1182 δίκην
1121 1125 1248 1184 ἔφησε
1279 1125 1526 1182 γενήσεσθαι
1558 1126 1779 1180 μέλλεινιό

308 1188 617 1248 ἀναμφιβόλως
641 1194 768 1247 μέχρι
790 1192 837 1234 δὲ
857 1193 931 1234 νῦν
953 1193 1084 1247 μηδὲν
1117 1193 1318 1247 εἰρῆσθαι
1335 1189 1439 1247 πρὸς
1461 1191 1622 1246 μηδένα
1645 1191 1727 1232 τῶν

196 1268 234 1305 Ρ,
245 1266 290 1307 42
304 1257 615 1313 ἀφικνουμένων
636 1258 694 1314 τῷ
719 1255 871 1315 πάππῳ
894 1256 967 1299 καί
990 1260 1167 1311 βασιλεῖ’.
1192 1256 1533 1312 »ἐνδέχεσθαίγε
1554 1253 1730 1311 μήνκαὶ

299 1323 374 1364 νῦν
397 1320 660 1377 ὑπερθέσθαι
681 1319 752 1364 τὸν
778 1324 953 1376 βασιλέα
973 1320 1026 1363 τὰ
1058 1320 1339 1375 μελετώμενα,
1374 1321 1427 1378 τῇ
1442 1321 1650 1379 παρουσίᾳ
1675 1320 1727 1377 τῇ

300 1387 383 1442 ἐμῇ
408 1386 776 1439 διασκεδασθέντα,
803 1382 939 1442 ὥσπερ
971 1384 1022 1442 δὴ
1049 1388 1123 1428 καί
1142 1388 1340 1443 πρότερον
1362 1381 1517 1440 ὀλίγαις
1547 1385 1726 1442 ἡμέραις

299 1453 571 1505 συμβέβηκεν,
601 1446 660 1492 ὅτ’
676 1450 771 1500 ἔθος
785 1450 885 1507 ἡμῖν
898 1449 975 1506 τὴν
991 1452 1066 1493 τοῦ
1083 1450 1267 1506 μεγάλου
1293 1448 1461 1501 κανόνος
1483 1448 1780 1507 ψάλλεσθαιαο

299 1512 588 1558 ἆκολουθιῖκν.”
615 1511 728 1567 ἄξιον
761 1518 807 1559 δὲ
839 1514 1118 1572 διηγήσασθαι
1150 1515 1224 1558 καί
1249 1515 1296 1558 τὸ
1325 1516 1417 1559 τότε
1443 1515 1620 1570 συμβάν.
1648 1520 1723 1559 τοῦ
1761 1542 1763 1544 -

298 1579 481 1635 μεγάλου
506 1583 725 1636 λογοθέτου
749 1582 825 1623 τοῦ
847 1582 1086 1636 Μετοχίτου
1115 1582 1160 1624 ἐν
1182 1578 1273 1639 ὥρᾳ
1301 1583 1485 1636 μάλιστα
1511 1583 1725 1635 χειμῶνος,

301 1643 374 1688 διὰ
398 1642 474 1701 τὴν
497 1643 752 1701 σμικρότητα
774 1646 848 1701 τῆς
862 1645 1032 1703 ἡμέρας,
1060 1646 1109 1689 οὖ
1135 1646 1199 1697 δίς
1216 1648 1291 1703 τῆς
1310 1647 1483 1703 ἡμέρας,
1511 1647 1600 1689 ἀλλ’
1613 1643 1726 1696 ἅπαξ

394 1772 424 1798 ι,
445 1757 615 1806 μεγάλου
638 1761 710 1794 ΕΙ).
737 1761 772 1794 P.
799 1771 865 1806 pro
888 1759 1065 1807 μεγάλην.
1105 1745 1110 1749 ”
1204 1773 1259 1798 ao.
1279 1762 1336 1797 De
1358 1761 1467 1797 huius
1490 1762 1640 1797 canonis
1660 1773 1726 1797 au-

390 1813 487 1841 ctore
511 1812 548 1841 et
573 1807 723 1842 materia
752 1807 939 1841 Gretserus
963 1807 1009 1841 ad
1032 1807 1220 1844 Codinum.
1246 1809 1284 1843 E
1289 1809 1327 1843 D.
1347 1808 1387 1843 Ρ.

299 1909 441 1946 mento,
476 1904 575 1959 quod
612 1905 675 1951 qui
710 1916 821 1951 equos
853 1903 1052 1946 haberent,
1099 1916 1160 1938 eos
1194 1904 1239 1938 ad
1272 1905 1446 1950 palatium
1469 1906 1612 1940 mittere
1635 1907 1725 1940 iussi

300 1956 439 1994 essent3
462 1952 534 1984 nisi
558 1951 656 1996 quod
677 1962 769 1997 quae
793 1950 839 1985 de
858 1950 1035 1984 Michaele
1056 1950 1208 1985 catharo
1233 1951 1326 1985 fama
1350 1951 1519 1993 iactabat,
1545 1963 1636 1999 quae
1656 1954 1725 1986 iam

300 1997 460 2030 omnium
491 2008 593 2030 aures
628 1998 886 2045 compleverat,
929 2008 971 2030 ea
999 2007 1037 2029 se
1067 2002 1108 2030 ut
1132 2007 1264 2030 novum
1312 1998 1457 2031 uiddam
1482 2002 1519 2031 et
1540 1997 1727 2033 audituros

301 2048 338 2076 et
366 2044 502 2077 visuros
526 2044 635 2076 etiam
659 2043 859 2088 sperabant.
906 2043 951 2076 Et
974 2043 1031 2076 illi
1056 2042 1204 2088 quidem
1233 2043 1273 2077 in
1323 2044 1352 2077 is
1380 2047 1492 2077 erant.
1518 2077 1520 2079 ,

397 2089 447 2122 13.
474 2089 671 2132 Imperator
691 2090 810 2122 minor
839 2087 884 2122 ad
909 2089 1085 2122 exteriora
1112 2089 1265 2133 palatii,
1289 2090 1456 2123 simulato
1485 2090 1556 2124 alvi
1581 2089 1722 2131 dolore,

302 2145 460 2179 egressus
491 2145 656 2179 magnum
691 2134 924 2168 domesticum
958 2135 1166 2179 vestigabat.
1213 2134 1296 2180 Quo
1320 2136 1488 2176 invento,
1523 2135 1649 2170 dolens
1682 2148 1725 2170 ae

300 2186 479 2219 moestus,
509 2181 564 2213 Tu
589 2190 692 2220 vero,
716 2180 811 2214 bone
835 2182 901 2221 vir,
927 2180 1058 2226 inquit,
1083 2180 1147 2214 ubi
1174 2180 1343 2215 hactenus
1368 2182 1500 2216 fuisti?
1545 2182 1611 2216 Ille
1634 2194 1722 2216 con-

300 2231 356 2259 tra
381 2237 510 2271 magno
535 2237 615 2259 cum
641 2229 787 2267 affectu,
816 2226 898 2271 Quo
922 2237 979 2259 me
1007 2227 1190 2260 nolentem
1214 2228 1268 2261 rei
1289 2228 1516 2261 necessitudo
1536 2229 1720 2274 compuli&

297 2272 440 2305 Deinde
475 2277 596 2305 narrat
628 2283 791 2318 quaeque
822 2272 1013 2306 statuerint
1045 2271 1218 2306 hactenus
1256 2285 1420 2320 quaeque
1453 2275 1601 2319 egerint.
1647 2274 1722 2308 Ne-

295 2330 363 2363 pos
396 2319 525 2363 gratias
553 2318 644 2363 agit‚
682 2324 719 2352 et
741 2319 977 2363 interrogatus
1004 2318 1092 2364 quid
1116 2319 1202 2362 ipsis
1226 2331 1332 2365 porro
1357 2319 1560 2354 faciendum
1583 2321 1651 2362 sit,
1675 2321 1722 2354 de

296 2363 434 2398 iudicio
469 2365 589 2398 futuro
625 2366 676 2398 ait
699 2364 838 2398 nullum
872 2365 1029 2410 relinqui
1053 2364 1228 2402 dubium:
1261 2366 1448 2411 hucusque
1473 2372 1593 2400 autem
1617 2377 1721 2400 avum

295 2410 392 2443 nihil
415 2412 582 2457 cuiquam
604 2422 647 2444 ex
673 2411 717 2444 iis
745 2413 808 2456 qui
834 2411 1019 2444 affuissent
1040 2411 1229 2445 verborum
1253 2412 1393 2452 fecisse,
1417 2423 1595 2458 posseque
1617 2412 1719 2446 nihi-

295 2457 333 2489 lo
362 2457 479 2489 minus
505 2456 621 2489 adhuc
646 2457 746 2498 fieri,
783 2462 823 2490 ut
846 2457 1038 2498 meditata,
1073 2468 1138 2491 suo
1163 2459 1317 2492 adventu
1339 2459 1510 2492 videlicet
1535 2459 1720 2502 dissipata,

297 2502 408 2535 etiam
434 2514 530 2536 nune
558 2502 714 2537 differat:
751 2502 931 2548 quomodo
962 2503 1133 2536 nimirum
1164 2505 1288 2550 paucis
1317 2510 1400 2538 ante
1435 2504 1562 2539 diebus
1587 2516 1718 2538 usuve-

295 2549 404 2588 nerit‚
429 2560 507 2581 cum
531 2554 653 2582 vetere
678 2550 844 2583 instituto
869 2549 988 2594 magni
1013 2550 1160 2583 canonis
1187 2551 1345 2584 officium
1368 2550 1582 2584 canebatur:
1611 2561 1719 2596 quem

298 2600 467 2627 eventum
490 2606 563 2628 non
588 2596 658 2629 erit
683 2596 842 2628 alienum
866 2606 1053 2639 exponere.
1102 2597 1193 2631 Cum
1219 2602 1366 2643 magnus
1392 2596 1576 2642 logotheta
1599 2597 1720 2630 Meto-

298 2640 412 2674 chites
445 2640 606 2674 hibernis
638 2641 820 2675 mensibus
856 2642 1102 2685 potissimum,
1140 2648 1288 2689 propter
1320 2643 1459 2676 dierum
1493 2643 1719 2683 brevitatem,

296 2698 372 2721 non
395 2687 473 2728 bis,
513 2687 575 2722 sed
599 2688 708 2722 semel
733 2688 917 2723 dumtaxat
951 2688 996 2722 ad
1034 2688 1207 2735 palatium
1241 2689 1409 2724 accedere
1439 2690 1566 2735 ibique
1600 2690 1720 2723 lucem
