1786 3126
20 2367 26 2370 ,
85 2336 307 2386 patriarcha
329 2337 432 2372 Isaia
454 2347 495 2370 so

704 73 844 131 unm
887 92 918 130 1.
1505 63 1536 119 5

57 198 172 244 ‘toga
195 191 379 236 mucha
393 214 397 220 ·
412 201 524 240 saper
545 190 711 227 induciis
743 198 914 238 rogatum
950 190 1094 227 accedit
1115 190 1202 273 (2¹2¹).
1248 189 1369 237 Nepos
1391 201 1541 237 respon-

70 241 192 286 ῥεια,
221 251 263 278 n
285 240 328 274 in
354 250 477 274 *avum
511 238 821 287 officiosissimum
854 235 1093 274 demonstrat.
1290 238 1297 246 ⁶

68 287 185 330 fit„
209 284 612 324 u2anathematismum
645 281 848 320 resctndit'..·
883 284 1086 325 irascitur,
1123 283 1302 319 hominem
1338 283 1384 319 dc
1408 284 1539 331 infima

67 335 184 387 με
206 331 270 368 'ad
301 333 575 367 se=iuramenti
604 328 782 376 exigendi
801 331 970 378 missum.
1015 331 1169 365 Factum
1206 339 1407 366 excusatur
1450 329 1538 376 (23).

1183 249 1252 273 vus
1282 236 1539 272 iusiurandum

76 379 247 416 ''dr-iano
297 379 356 412 lin
387 389 424 414 se
460 378 596 424 recipit
627 389 762 424 nepos,
802 388 844 411 eo
871 386 1022 410 uxorem
1048 385 1190 410 evocat.
1239 378 1466 423 Syrgiannes
1491 373 1544 411 ad

73 431 201 464 bessem
279 424 387 472 ficit:
422 424 618 475 obiectum
648 421 834 472 perfidiae
874 423 1012 457 crimen
1037 430 1148 476 negat
1167 423 1254 470 (24).
1289 425 1371 458 Itur
1398 425 1543 469 infestis

57 474 200 521 ¹tignis
221 470 470 518 Byzantium.-
499 473 696 518 optimates
732 478 767 504 et
791 468 903 504 duces
936 477 1122 503 exercttus
1157 468 1209 502 ad
1247 481 1357 503 avum
1383 468 1427 504 de
1449 481 1542 517 pace

75 519 250 559 oct-ibunt
274 517 388 565 2-(25).
419 517 532 552 Xena
554 525 676 552 mater
691 515 902 560 Andronici
924 516 1081 550 minoris
1095 514 1380 551 Thessalonicae
1405 529 1428 550 a
1453 525 1543 551 tem·-

77 566 145 616 flo
167 566 326 606 avulsa,
346 564 600 619 pro-captiva·
620 561 822 598 adducitur
852 562 1204 608 Constantinopolin
1228 561 1315 608 (26).
1371 563 1452 597 Pax
1481 575 1544 609 pe-

50 614 190 650 ·tiestr.
228 610 392 648 *Morbus
415 612 600 652 iunioris,
651 621 676 644 a
710 622 783 658 quo
817 607 1123 655 stratopedarcha
1155 605 1325 642 desciscit
1344 608 1431 655 (27).
1475 612 1544 645 Bc-

79 658 304 709 neficentiae
337 651 478 703 magni'
499 656 716 696 domestici,
753 657 903 702 eiusque
935 656 1064 690 matris
1097 653 1314 689 Theodorae
1348 657 1543 702 magnani-

77 702 319 759 Dtitasf⁴(28)..
346 701 490 759 Oppida
514 704 610 751 Apri
631 701 730 749 (29),
775 702 956 743 Gar-ella,
989 700 1229 736 Rhaedestum
1244 725 1253 742 ‚
1289 702 1543 747 Sergentzium

50 763 54 793 ζ
80 759 329 799 occupantur.
363 752 476 785 Sacci
500 757 722 786 exuruntur.
769 747 1106 796 Stratopedarchae
1136 745 1321 794 perfidia,
1347 748 1544 794 Syrmpani

51 805 54 813 ¹
77 800 245 848 pastoris
263 795 443 846 fidelitas
480 797 523 831 in
545 795 734 830 dominum
776 804 812 830 et
846 797 990 830 caritas
1013 796 1055 829 in
1080 795 1272 829 inimicum
1309 793 1543 848 admirabilis

76 845 169 895 (30).
194 845 348 900 Nepotis
364 845 406 879 in
422 843 559 878 hostem
581 843 733 878 lenitas.
760 843 1029 876 Constantinus
1044 841 1195 888 despota
1216 841 1388 887 captivus
1402 842 1442 874 in
1456 853 1544 875 vin-

63 891 408 928 ³eula.conticitur-
458 891 532 935 Qui
556 889 687 924 Xenae
713 889 947 934 imperatrici
969 900 1100 923 manus
1115 888 1302 922 violentas
1322 887 1541 930 attulerant,

48 942 50 944 ’
77 939 303 987 puniuntur.
355 936 591 972 Lemniorum
611 934 665 969 ad
679 943 845 981 nepotem
869 934 1052 982 defectio.-
1075 946 1180 982 quem
1188 933 1443 980 formidantes
1457 934 1544 967 Per-

80 988 179 1027 sae.
197 982 340 1020 deserto
364 995 464 1026 avo,
490 983 554 1018 cui
578 982 726 1016 auxilio
751 981 968 1022 veniebant,
994 982 1035 1015 in
1060 983 1239 1016 orientem
1258 982 1419 1027 turpiter
1441 980 1542 1023 refu-

43 1050 59 1057 ··
80 1034 193 1082 gisam
210 1030 299 1079 (31).
340 1030 517 1084 Poscitur.
541 1041 669 1077 pacem
684 1053 695 1071 ,
720 1040 831 1074 quam
854 1027 946 1062 dare
972 1029 1136 1075 cogitat,
1163 1030 1219 1062 ita
1243 1035 1284 1062 ut
1309 1029 1385 1074 ipse
1397 1045 1414 1068 ,·
1437 1038 1543 1062 exer-

44 1074 62 1086 ’”
80 1087 181 1121 cetus
196 1102 208 1121 ,
233 1078 366 1118 urbes,
394 1085 477 1112 eota
501 1076 652 1122 imperii
673 1074 955 1109 administratio
976 1086 1087 1120 penes
1109 1075 1292 1109 seniorem
1316 1075 1393 1109 sint
1416 1072 1460 1109 de
1484 1084 1543 1108 ce-

74 1134 174 1163 um.
227 1125 434 1160 conciones
459 1123 718 1171 imperatoris,
747 1129 783 1156 et
809 1122 1067 1156 Cantacuzeni
1102 1119 1156 1156 ad
1183 1121 1370 1168 principes
1416 1129 1452 1156 et
1474 1118 1543 1154 du-

83 1184 144 1210 ces
165 1173 350 1207 eser-citus
365 1169 452 1218 (32).
476 1170 698 1212 Responsum
721 1169 866 1215 nepotis
889 1167 942 1202 ad
954 1179 1065 1203 avum
1080 1167 1124 1203 de
1140 1169 1247 1216 pacis
1266 1167 1543 1202 conditionibus

82 1217 171 1267 (33).
196 1220 326 1253 Actum
347 1217 494 1264 gratias
527 1226 565 1252 et
591 1227 719 1263 pacem
753 1214 1010 1260 confirmatum
1023 1215 1133 1250 Xena
1152 1213 1206 1248 ad
1214 1214 1346 1262 filium
1369 1215 1542 1248 mittitur.

85 1262 330 1302 conditiones
365 1274 480 1300 senes:
509 1264 671 1311 accipit,
705 1260 758 1297 ad
788 1273 894 1310 quem
926 1261 1162 1297 salutandum
1188 1273 1300 1308 nepos
1322 1261 1541 1306 Byzantium

83 1309 276 1349 concedit.-
300 1312 366 1346 ille
391 1310 540 1346 obviam
563 1323 600 1346 se
621 1311 708 1355 fert.
755 1309 814 1343 Ibi
838 1307 1063 1344 consuetudo
1088 1306 1270 1356 quaedam
1296 1308 1541 1353 imperatoria

81 1358 311 1395 declaratur.
363 1359 445 1394 Una
467 1359 510 1391 in
534 1358 658 1392 urbem
679 1354 955 1401 ingrediuntur.
1005 1357 1073 1390 Die
1094 1356 1265 1402 sequenti
1283 1355 1355 1388 Dei
1381 1366 1472 1388 arae
1495 1352 1539 1387 de

35 1423 37 1426 ·
81 1405 254 1454 conficta
285 1415 379 1452 pace
410 1416 522 1451 nepos
558 1405 704 1450 gratias
742 1404 834 1449 agit.
894 1404 940 1437 In
963 1403 1112 1448 palatio
1137 1412 1216 1437 cum
1241 1413 1316 1436 avo
1368 1403 1442 1446 egit
1466 1401 1539 1435 ali-

33 1456 47 1469 ’
78 1449 284 1536 mmdiu:
307 1449 362 1485 ad
383 1463 463 1487 eum
486 1449 727 1498 spectandum
749 1450 964 1495 frequentes
994 1448 1159 1496 undique
1196 1459 1396 1483 concursus
1428 1446 1538 1492 fiunt.

118 1513 131 1534 ι

153 1497 379 1542 ymotichum
422 1496 523 1533 redit
540 1496 629 1544 (34).
683 1496 1001 1543 Sphentisthlabus
1037 1495 1161 1530 morbo
1198 1496 1350 1536 interit,
1396 1495 1539 1528 Terterc

77 1545 166 1596 filio
189 1556 419 1585 successore,
445 1556 469 1578 a
493 1557 566 1600 quo
594 1543 866 1590 Philippopolis
893 1544 1052 1589 capitur.
1113 1542 1232 1589 Nepos
1267 1541 1447 1576 Moesiam
1482 1542 1542 1574 in-

83 1603 265 1633 cursans,
297 1589 460 1639 praedas
494 1599 664 1636 angentes
688 1591 790 1634 agit,
823 1597 859 1624 ct
883 1590 1059 1634 Byzantii
1082 1589 1328 1634 Syrgiannem
1355 1589 1395 1621 in
1418 1599 1539 1621 senem

80 1639 361 1678 coniurationis
392 1649 494 1673 reum
518 1638 560 1671 in
594 1648 743 1673 carcere
775 1637 948 1670 invenit:
978 1637 1019 1670 in
1044 1647 1175 1683 quem,
1197 1635 1306 1682 facta
1331 1634 1419 1668 licet
1438 1642 1542 1685 pote-

30 1687 39 1722 st
79 1693 205 1728 σωκ,-
230 1685 452 1720 sententiam
466 1683 577 1731 firre
610 1684 743 1718 abnuit
767 1682 854 1730 (35).
903 1684 1070 1718 Moritur
1102 1683 1281 1717 Ter-teres.
1343 1681 1540 1727 Complura

25 1772 27 1774 ,
83 1733 250 1770 Moesiae
273 1729 409 1778 oppida
432 1729 648 1766 Andronico
673 1730 813 1764 minori
834 1740 872 1764 se
900 1729 1061 1764 dedunt:
1086 1730 1235 1774 reliqua
1258 1728 1450 1767 Boesilas,
1478 1725 1542 1760 de-

79 1780 208 1827 functi
229 1779 329 1824 regis
350 1785 527 1824 patruus,
554 1776 626 1810 sibi
649 1777 792 1810 asserit.
840 1777 916 1810 Avi
948 1775 1140 1811 commissu
1169 1786 1282 1820 nepos
1305 1773 1541 1820 Philippopo-

83 1827 167 1867 lin,
194 1823 260 1860 sed
281 1823 461 1872 frustra,
496 1830 694 1869 oppugnat.
743 1822 951 1862 Machina,
985 1820 1178 1856 cuiusdam
1216 1820 1393 1854 Germani
1428 1831 1541 1865 opus,

84 1871 312 1920 depingitur.
366 1870 422 1905 De
461 1871 630 1904 Boesilae
661 1870 758 1904 socii
790 1876 825 1902 et
858 1868 973 1903 amici
1006 1876 1120 1902 morte
1140 1867 1270 1920 salsus
1302 1878 1429 1901 rumor
1453 1865 1541 1912 (36).

82 1917 354 1965 Philippopolis
370 1916 541 1965 fortuito
567 1923 811 1961 recuperatur
833 1914 919 1961 (37).
969 1915 1109 1948 Bellum
1141 1925 1182 1946 tn
1210 1913 1390 1947 barbaros
1414 1912 1544 1947 decer·-

84 1967 218 2006 nitut·‚
246 1965 432 2000 incassum
451 1961 754 1997 dissentientibus
779 1962 941 1996 senioris
964 1961 1220 2001 consiliariis,
1248 1972 1271 1994 a
1293 1971 1366 2006 quo
1389 1970 1545 2004 magnus

86 2010 306 2048 domesticus
341 2007 619 2045 commendatur
642 2007 730 2054 (38).
788 2007 869 2041 Pas.-
903 2016 939 2042 et
962 2005 1104 2054 foedus
1139 2009 1240 2041 inter
1275 2007 1513 2051 imperatores
1530 2031 1543 2044 ,

85 2067 124 2094 et
141 2059 327 2099 Moenum,
373 2057 522 2103 quicum
555 2056 720 2090 iunioris
753 2062 868 2101 nupta
905 2062 988 2089 erat
1010 2066 1127 2088 soror.
1183 2054 1265 2088 suos
1298 2053 1545 2087 Romanorum

85 2102 373 2152 inperator-um,
401 2114 474 2151 quo
500 2102 575 2137 sibi
596 2113 664 2148 per
687 2102 927 2135 matrimonia
954 2101 1171 2141 Scytharum
1205 2107 1380 2145 satrapas
1413 2099 1545 2133 devin-

86 2151 246 2188 ciebant.
294 2150 349 2185 De
381 2147 600 2194 Scytharum
633 2148 733 2182 binis
765 2148 806 2181 in
833 2148 1034 2182 Thraciam
1058 2146 1354 2191 irruptionibus,
1388 2157 1545 2193 quorum

83 2206 228 2247 partem
250 2196 418 2232 *Romani
452 2193 661 2231 trucidant.
723 2195 811 2228 Cum
845 2193 1064 2238 Scytharum
1101 2190 1261 2238 quodam
1287 2191 1379 2226 duce
1404 2193 1548 2238 nepotis

86 2257 134 2281 ex
169 2245 294 2279 altera
328 2244 414 2290 ripa
452 2242 678 2288 colloquium
704 2239 790 2287 (39).
845 2242 952 2276 Irene
985 2241 1127 2275 coniux
1161 2237 1256 2273 diem
1292 2240 1397 2279 obit,
1436 2242 1546 2274 Anna

88 2289 300 2328 Sabaudiae
336 2289 482 2325 comitis
498 2288 600 2368 [filia
634 2289 780 2322 iuniori
813 2285 867 2321 ad
889 2287 1111 2322 connubium
1134 2286 1278 2332 petitur
1297 2285 1399 2331 (4ο),·
1424 2287 1499 2331 ipse
1524 2296 1548 2318 a

513 2336 605 2370 enni
626 2334 851 2374 ceremonia,
878 2345 988 2380 quam
1013 2341 1147 2367 auctor
1173 2341 1348 2368 accurate
1370 2333 1547 2378 eti-plicat,

89 2381 388 2430 coronaturfflo).
441 2383 572 2417 Annae
597 2393 615 2416 e
640 2380 830 2415 Sabaudia
853 2380 1012 2414 illustris
1036 2378 1236 2420 adventus,
1265 2391 1375 2427 quae,
1400 2381 1549 2422 Byzan-

89 2432 137 2466 tii
158 2443 175 2464 s
200 2428 348 2466 lendide
370 2427 721 2476 peractisnuptiis,
749 2429 830 2474 ipsa
854 2438 1001 2474 quoque
1028 2438 1170 2461 corona
1196 2424 1379 2460 induitur.
1436 2425 1550 2459 Nobi-

89 2479 143 2514 les
190 2474 330 2512 abaudi
358 2475 562 2522 complures
583 2475 695 2522 quasi
715 2486 784 2520 per
806 2475 1069 2508 successionem
1101 2481 1253 2506 manent
1287 2473 1552 2506 Constantino-

87 2524 193 2573 poli,
217 2531 255 2559 et
288 2523 546 2569 imperatorem
581 2524 754 2556 iuvenem
787 2518 946 2554 ludicris
984 2519 1127 2554 artibus
1153 2520 1367 2553 instituunt.
1416 2519 1552 2553 Persae

87 2569 296 2619 praedones
319 2568 539 2605 caeduntur.
587 2568 800 2613 Imperator
819 2565 947 2613 pedem
968 2567 1105 2612 sagitta
1130 2566 1368 2600 vulneratur.
1417 2564 1554 2609 Magni

91 2616 283 2653 domestici
304 2617 347 2651 in
367 2627 494 2662 pugna
519 2614 653 2648 virtus.
701 2612 868 2649 Michael
889 2613 1100 2648 Moesorum
1126 2624 1192 2647 rex
1214 2613 1361 2647 Zernae
1385 2622 1465 2646 cum
1487 2621 1555 2644 ne-

33 2692 35 2694 .
89 2672 173 2711 pote
198 2662 278 2698 dies
315 2662 462 2709 aliquot
486 2661 628 2695 hilares
651 2661 743 2705 agit.
791 2657 1091 2704 Didymotichum
1115 2670 1301 2697 reversus,
1337 2657 1380 2692 de
1408 2666 1481 2691 avo
1507 2656 1554 2690 ab

91 2722 129 2746 se
149 2711 227 2746 sine
261 2719 376 2747 causa
404 2709 572 2747 alienato
598 2707 770 2742 nuntium
799 2706 939 2751 accipit
956 2704 1045 2752 (49).
1103 2704 1463 2751 ΡαηΙι)ρει-εεόα.ςιιι.ς
1496 2715 1558 2738 re-
