1832 3138
300 93 408 155 126
800 105 1175 149 CANTAcquM

98 209 181 249 ΑΒ.
197 211 275 247 ¹32¹
293 209 450 264 ἔμεινεν
469 208 630 264 ἡμέρας
653 206 772 257 τινὰς
779 240 793 261 ,
819 207 938 250 τοῦτο
957 208 1050 262 μὲν,
1072 203 1139 250 ὅτι
1164 206 1237 250 καὶ
1263 206 1425 263 χειμών
1444 205 1744 260 ἐξαιῖιιος“ὖπε-·»

290 277 448 330 γένετο,
477 271 569 316 ἐπεὶ
599 273 676 314 καὶ
689 275 895 327 χειμῶνος
912 267 966 329 ἦν
992 271 1083 329 ὥρα
1095 307 1107 326 ,
1141 271 1408 330 (κατὰ-μῆνα
1430 271 1512 330 γὰρ
1535 273 1738 330 ἐστρατο-

254 337 511 382 Οπεδεύοντο
533 339 826 396 Δεκέμβριον,)
862 339 983 381 τοῦτο
1019 340 1071 391 δ’,
1098 339 1169 380 ἵνα
1191 339 1262 380 καί
1280 337 1327 379 τὸ
1352 341 1492 380 λεῖπον
1517 339 1590 394 τῆς
1610 353 1740 394 στρα-

290 407 385 453 τιᾶς
421 403 657 461 ἀθροισθῇ·
703 401 748 446 τὸ
778 405 817 445 δ’
851 402 916 447 ἔτι
951 404 1111 446 τούτων
1143 401 1408 460 αἰτιώτερον,
1450 400 1511 449 ὅτι
1534 405 1609 459 τῆς
1632 403 1737 446 κατὰ

294 467 465 526 Θρᾴκην
488 468 736 525 Ἡρακλείας
757 470 833 511 τοῦ
859 468 952 512 νέου
983 470 1188 523 βασιλέως
1216 466 1321 524 πρὸς
1345 466 1421 511 τὸν
1454 467 1765 526 πρεσβύτερονὸ

291 532 541 589 ἀποστάσης,
567 532 589 575 ὅ
612 533 868 590 Συργιάννης
887 532 963 589 τὴν
985 535 1279 589 Βυζαντίηθεν
1310 530 1511 595 στρατιὰν
1544 537 1740 590 παραλαο

290 598 391 656 βών,
420 599 642 656 ἐνήδρευεν
665 602 711 643 ἐν
736 599 854 656 αὐτῇ.
907 598 1044 651 ἔδοξεν
1064 593 1138 641 οὖν
1171 599 1298 653 αὐτῆς
1316 600 1482 655 πρῶτον
1509 595 1742 656 ἀποπειρά-

289 682 375 710 σαι.
399 663 555 722 χρόνου
578 666 625 706 δὲ
645 662 780 707 αὐτοῦ
793 680 905 732 τοινος
919 667 1176 721 τριβομένου,
1204 662 1319 714 ἔδοξε
1336 670 1424 714 τοῖς
1448 666 1494 708 ἐν
1516 665 1626 708 τέλει
1637 665 1742 706 πᾶσι

290 731 364 774 καί
387 737 472 781 τοῖς
499 731 675 787 ἡγεμόσι
699 733 771 786 τῆς
797 733 998 787 στρατιᾶς
1018 732 1269 773 συνελθοῦσι
1285 763 1299 784 ,
1335 731 1560 787 πρεσβείαν
1583 729 1642 780 ὥς
1661 733 1741 785 βα-

290 798 409 840 σιλέα
432 795 504 839 τὸν
525 796 802 853 πρεσβύτερον
818 792 1064 838 ἀποστεῖλαι
1081 793 1380 851 ἑξαιτὴσουσαν
1404 795 1592 853 εἰρήνην·
1622 793 1647 842 ὅ
1668 796 1797 843 καίιο

290 865 369 905 τοῦ
399 864 493 905 νέου
526 863 733 917 βασιλέως
770 863 1034 914 πυθομένου,
1062 860 1156 903 ἐπεὶ
1189 860 1295 903 κατὰ
1324 859 1491 917 γνώμην
1522 856 1639 920 αὖτῷ·
1673 857 1741 918 ἦν,

290 926 512 982 πέμπουσί
528 945 620 970 τινα
640 930 724 970 τῶν
758 929 833 984 τῆς
861 929 1059 984 στρατιᾶς
1082 927 1398 984 Καλοχαιρέτην
1431 927 1740 981 ὠνομασμένον,

246 994 344 1037 1)τά
363 995 589 1050 γράμματα
613 994 941 1048 ἐγχειρισαντες·
990 994 1083 1035 ἐπεὶ
1109 990 1179 1034 διὰ
1205 992 1463 1049 γραμμάτων
1488 986 1542 1048 ἦν
1578 989 1605 1048 ἢ
1638 1007 1742 1049 πρε-

290 1061 436 1114 σβεία,
474 1058 604 1108 αὐτὸς
628 1060 675 1101 δὲ
700 1058 831 1113 μόνον
867 1060 1141 1112 διακομιστοῦ
1159 1059 1277 1110 τάξιν
1298 1060 1484 1112 ἐπεῖχεν.
1513 1055 1663 1114 ἐδήλου
1694 1059 1741 1101 δὲ

290 1123 344 1168 τοὶ
377 1123 599 1180 γράμματα
619 1125 812 1167 τοιαῦτα·
859 1124 1102 1181 ,,Κράτιστε
1125 1125 1322 1178 βασιλεῦ,
1361 1124 1482 1180 ἡμεῖς
1507 1117 1672 1166 ἀνωθεν
1695 1124 1798 1169 ἑκιό

290 1189 501 1247 προγόνων
540 1184 653 1241 ι’)’ντες
673 1187 897 1244 Ῥωμαῖοι,
936 1189 1010 1232 καὶ
1042 1188 1118 1246 τὴν
1150 1189 1382 1247 εὐπραγίαν
1418 1191 1503 1232 τῶν
1520 1187 1743 1244 Ῥωμαίων

292 1258 447 1299 οἰκείαν
477 1254 698 1310 νομίζομεν
719 1254 1008 1309 εὐδαιμονίαν,
1038 1257 1111 1298 καί
1134 1254 1211 1311 τήν
1234 1254 1519 1312 κακοπραγίαν
1541 1252 1743 1304 αἷσαύτως

292 1323 339 1365 ἐν
370 1323 457 1380 ἰδίᾳ
493 1323 698 1375 τιθέμεθα
718 1322 948 1381 δυστυχίᾳ.
1003 1316 1053 1364 οὗ
1088 1320 1138 1376 δὴ
1167 1322 1285 1364 ἕνεκα
1316 1320 1389 1363 καί
1422 1318 1520 1370 τοὺς
1544 1320 1745 1376 βασιλέας

290 1388 411 1444 ἡμῶν
430 1387 543 1442 ὖμοῖς
567 1387 728 1430 εὐνοεῖν
752 1388 960 1444 ἀλλήλοις,
990 1385 1097 1429 ἀλλὰ
1118 1386 1177 1442 μὴ
1202 1386 1427 1440 πολεμίους
1448 1383 1576 1440 εἶναι,
1597 1383 1746 1428 ποιού-

289 1456 404 1507 μεθα
429 1452 529 1509 περὶ
546 1455 766 1506 πλείστου,
797 1450 896 1510 ὅπερ
922 1454 1032 1495 ἐστίν
1059 1453 1214 1508 ἀληθὲς
1240 1453 1499 1505 ἐννοοῦντες,
1535 1450 1595 1501 ὥς
1621 1448 1802 1504 ὖμῶναο

289 1521 369 1573 μὲν
400 1517 551 1575 φιλίως
579 1516 686 1572 πρὸς
730 1518 935 1574 ἀλλήλους
966 1520 1262 1572 διακειμένων,
1304 1516 1379 1560 καί
1407 1514 1459 1559 τὰ
1500 1517 1573 1573 τῆς
1605 1517 1742 1574 ἀρχῆς

292 1582 510 1638 αὐξάνειν,
537 1580 579 1640 ἢ,
607 1584 654 1627 τό
671 1600 717 1639 γε
740 1583 959 1641 δεύτερον,
983 1582 1042 1640 μὴ
1061 1585 1346 1627 ἐλασσοῦσθαι
1369 1581 1499 1633 εἰκός·
1527 1581 1740 1636 πολεμίων

293 1652 341 1692 δὲ
369 1649 565 1705 ἀλλήλοις
594 1644 747 1704 ὄντων,
791 1650 840 1692 οὗ
864 1648 994 1703 μόνον
1014 1648 1095 1693 ὕπὸ
1123 1652 1209 1692 τῶν
1236 1648 1468 1706 προσοίκων
1499 1646 1744 1704 βαρβάρων,

116 1746 135 1773 Ι
292 1713 400 1758 ἀλλὰ
420 1714 494 1757 καί
514 1715 592 1772 ὑφ’
615 1715 734 1770 ὑμῶν
757 1716 897 1759 αὐτῶν
919 1715 996 1772 τὴν
1022 1714 1229 1772 ὑμετέραν
1254 1712 1479 1771 ἡγεμονίαν
1502 1710 1744 1770 καταλυθή-

293 1820 359 1856 set,
385 1815 584 1848 Tzurulum
608 1814 696 1849 inde
721 1815 929 1860 profectus,
978 1819 1092 1849 castra
1115 1815 1204 1848 fecit
1231 1818 1269 1848 et
1288 1814 1366 1848 dies
1395 1813 1537 1861 aliquot
1558 1814 1614 1849 ibi
1630 1798 1744 1850 'man-
1767 1809 1779 1820 ’

292 1863 360 1896 sit:
387 1862 494 1895 simul
517 1867 665 1907 propter
690 1863 862 1907 frigorum
887 1862 1144 1902 acerbitatem,
1170 1860 1301 1907 (hiems
1326 1861 1424 1894 enim
1449 1866 1551 1904 erat,
1577 1866 1615 1895 et
1637 1872 1742 1901 men-

293 1910 342 1942 sis
366 1907 595 1954 December‚)
632 1908 742 1942 simul
765 1914 808 1941 ut
831 1914 868 1942 et
896 1913 1013 1942 cetera
1038 1920 1121 1953 pars
1147 1908 1325 1941 exercitus
1349 1907 1488 1941 interea
1513 1908 1740 1951 conveniret3

294 1954 467 2001 quodque
491 1955 637 1987 maioris
674 1956 804 2000 utique
837 1955 1012 1988 momenti
1038 1959 1135 1994 erat,
1176 1959 1219 1987 ut
1256 1954 1343 1999 quia
1367 1953 1540 1988 Heraclea
1564 1953 1742 1988 Thraciae

295 2002 419 2035 civitas
455 2000 526 2034 fide
557 2006 663 2045 rupta
694 2001 740 2035 ad
768 2002 948 2034 seniorem
979 2001 1172 2034 defecisset
1205 2004 1242 2033 et
1264 2000 1478 2045 Syrgiannes
1514 2011 1596 2034 cum
1626 2001 1743 2046 copiis

292 2048 464 2091 Byzantio
490 2049 646 2092 acceptis
672 2059 750 2081 eam
775 2047 972 2088 insideret,
1012 2048 1088 2081 eius
1125 2046 1390 2092 recuperandae
1413 2047 1615 2091 periculum
1639 2048 1742 2092 prius

295 2094 408 2127 fieret.
457 2093 643 2127 Nonnullo
668 2100 831 2139 tempore
855 2094 933 2127 illic
952 2099 1174 2138 consumpto,
1199 2094 1391 2138 optimates
1416 2105 1457 2127 ac
1481 2093 1590 2127 duces
1616 2104 1739 2127 omnes

296 2144 482 2181 coeuntes,
506 2140 724 2184 legationem
752 2140 797 2173 ad
822 2141 1000 2174 seniorem
1028 2140 1072 2174 de
1099 2150 1189 2184 pace
1213 2139 1459 2174 decreverunt.
1507 2141 1558 2174 Re
1584 2140 1742 2186 cognita,

295 2197 376 2220 cum
402 2192 440 2220 et
474 2198 587 2231 nepos
621 2197 663 2219 eo
690 2186 953 2232 propenderet,
978 2187 1175 2232 gregarium
1217 2186 1419 2233 quendam,
1461 2185 1744 2221 Calochaereten

294 2233 456 2272 nomine,
482 2243 563 2265 cum
585 2233 717 2269 litteris
742 2233 912 2267 mittunt:
935 2244 1001 2278 per
1024 2233 1163 2267 litteras
1188 2234 1285 2267 enim
1310 2233 1443 2279 legatio
1469 2233 1745 2277 conficiebatur3

294 2282 374 2325 ipse
403 2278 588 2312 tabellarii
614 2279 864 2313 tantummodo
895 2280 1015 2313 locum
1047 2281 1207 2315 tenebat.
1266 2280 1395 2313 Earum
1417 2280 1620 2314 litterarum
1649 2278 1742 2312 haec

294 2327 367 2360 fuit
391 2327 591 2359 sententia:
630 2325 715 2367 Nos,
741 2327 936 2371 imperator
959 2327 1110 2372 optime,
1147 2325 1234 2360 inde
1262 2337 1378 2372 usque
1402 2337 1423 2372 a
1446 2326 1644 2360 maioribus
1671 2326 1742 2360 Ro-

294 2373 415 2413 mani,
460 2377 497 2405 et
533 2372 746 2406 felicitatem
777 2374 1016 2407 Romanorum
1051 2373 1264 2407 beatitatem
1299 2378 1458 2407 nostram
1489 2377 1526 2406 et
1557 2372 1740 2407 miseriam

294 2417 493 2454 eorundem
516 2419 756 2453 infortunium
780 2425 943 2453 nostrum
970 2430 1047 2453 esse
1073 2420 1272 2465 opinamur.
1316 2419 1560 2464 Quamobrem
1583 2429 1645 2452 vos
1669 2418 1739 2451 im·-

292 2470 475 2512 per-atores
502 2470 643 2498 nostros
668 2478 742 2500 non
768 2471 810 2499 ut
833 2465 955 2500 hostes
983 2466 1209 2507 discordare,
1246 2464 1309 2499 sed
1345 2471 1387 2499 ut
1417 2466 1549 2499 amicos
1587 2476 1739 2499 concor-

295 2513 382 2547 dare
406 2512 650 2556 maximopere
674 2512 855 2557 cupimus:
888 2523 971 2547 vere
998 2514 1215 2558 cogitantes,
1239 2511 1466 2546 concordiam
1489 2517 1644 2546 vestram
1669 2512 1740 2544 im-

293 2558 391 2604 perii
413 2559 686 2600 incrementum,
710 2564 773 2592 aut
798 2565 908 2601 certe,
933 2565 975 2592 ut
996 2560 1192 2593 verisimile
1221 2563 1297 2600 est,
1322 2559 1462 2592 nullum
1487 2558 1646 2592 eiusdem
1671 2557 1738 2591 de-

294 2606 508 2640 trimentum
531 2616 629 2639 esse:
668 2611 792 2639 contra
815 2606 1017 2639 inimicitiis
1044 2607 1171 2639 vestris
1195 2617 1270 2639 non
1292 2604 1400 2639 modo
1423 2618 1443 2640 a
1465 2604 1630 2639 barbaris
1654 2603 1739 2637 fini-

295 2653 410 2694 timis,
437 2662 563 2686 verum
581 2652 690 2686 etiam
712 2664 732 2685 a
755 2652 958 2698 vobisipsis
982 2652 1227 2697 principatum
1249 2658 1407 2687 vestrum
1433 2651 1653 2686 destructum
1680 2653 1738 2683 at-

296 2709 370 2745 quc
392 2709 556 2736 eversum
576 2698 636 2737 iria
690 2698 888 2746 Aliquanto
921 2700 1031 2746 igitur
1062 2698 1215 2734 antehac
1249 2698 1398 2734 suborta
1421 2697 1666 2739 dissensione,
1699 2701 1737 2731 et
