1832 3138
268 124 287 158 1
301 103 371 158 50
787 115 1156 158 CANTACUZENI

65 226 105 263 A.
120 227 158 263 C.
179 221 404 274 ιῧαασμένα
438 219 504 260 ἐπ’
533 216 649 273 αὐτῷ’
676 216 923 271 τελεσθῆναι
964 213 1123 268 πάντα,
1171 213 1228 263 ὥς
1265 207 1316 256 ἂν
1351 213 1410 270 μὴ
1445 213 1584 271 δοκοίη
1610 213 1699 275 βίᾳ,

267 288 355 327 ἀλλ’
375 280 480 325 ἑκών
502 280 844 338 περιβεβλῆσθαι.
890 280 914 322 ὅ
941 278 1138 335 βασιλεὺς
1167 280 1212 320 δὲ
1237 278 1503 330 ὑποπτεύσας
1523 277 1584 336 μὴ
1601 281 1699 336 βίου

218 365 251 399 D
267 348 499 409 μεταβολῆς
536 347 767 404 ἐπιθυμίᾳ,
817 345 907 388 ἄλλ’
951 342 1063 395 ὅπως
1099 342 1330 400 ἀπολυθείη
1368 343 1426 400 μὴ
1473 346 1701 402 εἴργεσθαι,

263 413 439 457 τοιαῦτα
471 412 620 464 αἰτεῖν,
658 409 729 452 τὸν
761 411 1064 465 Θεσσαλονίκης
1098 412 1269 463 πέμψας
1303 409 1604 466 μητροπολίτην
1629 408 1704 453 καὶ

262 476 336 521 τὸν
367 477 442 530 τῆς
466 475 623 531 λαύρας
656 474 925 530 ἐξηγούμενον
952 477 993 517 Γ
990 474 1216 530 εράσιμον,
1259 470 1336 527 οὖχ
1363 473 1598 530 ἁρμόζοντα
1633 476 1726 518 αἰ-5

263 547 346 586 τεΐν
372 537 498 583 αὐτὸν
532 539 768 596 μεμήνυκεν
794 540 839 582 ἐν
866 543 925 599 τῷ
951 538 1142 596 παρόντι·
1193 535 1241 580 τὸ
1274 539 1352 592 μὲν
1375 537 1455 595 γὰρ
1479 536 1541 594 μὴ
1563 539 1701 588 κακῶς

263 605 345 650 ὑπὸ
373 607 456 649 τῶν
482 604 785 662 φρουρούντων
811 605 1015 659 πάσχειν,
1061 603 1152 646 ἀλλ’
1184 601 1426 659 ἄναπαύλης
1459 603 1702 657 ἀπολαύειν,

264 673 448 725 ἐξέσται,
476 669 523 713 τὸ
546 673 593 714 δὲ
617 667 888 727 ἀπολυθῆναι
917 672 993 727 τῆς
1026 668 1212 726 εἱρκτῆς,
1238 668 1445 711 ἀδύνατον
1467 666 1516 713 τό
1539 670 1617 712 νῦν
1641 665 1702 712 εἶ-

262 753 348 782 ναι·
389 735 453 778 διὸ
474 737 583 792 μηδὲ
615 730 1001 779 τοιαῦταχδεῖσθαι.
1043 732 1064 776 ὁ
1092 736 1119 776 δ
1126 737 1137 753 '
1160 733 1224 777 ἔτι
1255 736 1414 788 μᾶλλον
1445 734 1583 780 ἐδεῖτο
1605 736 1705 791 περὶ

265 799 512 846 τῶνάὗτῶν
528 835 542 856 ,
570 802 653 847 τῶν
679 799 804 857 ἱερῶν
831 803 996 843 ἐκείνων
1021 800 1322 854 ἐπιλαβόμενος
1346 795 1538 856 ἀνδρῶν,
1565 797 1624 848 αἱς
1649 798 1754 841 οὕιο

264 865 370 923 πρὸς
400 866 644 922 ὑπόκρισιν,
689 865 787 908 οὐδὲ
823 863 927 922 πρὸς
955 864 1159 920 ἀνάγκην,
1203 861 1293 906 ἀλλ’
1324 862 1503 922 ἀληθείᾳ
1543 864 1704 918 μᾶλλον

254 930 341 987 τὴν
368 929 470 987 πρὸς
494 928 565 973 τὸν
594 931 778 973 τοιοῦτον
800 930 895 985 βιόν
927 929 1172 986 αἱρούμενος
1197 928 1449 984 μεταβολήν.
1491 925 1521 970 ἃ
1550 925 1602 984 δή
1633 929 1707 971 καὶ

254 995 499 1050 ,πυθόμενος
528 997 629 1051 παρ’
661 996 802 1038 αὐτῶν
841 995 865 1037 ὅ
894 993 1119 1049 βασιλευς,
1174 995 1406 1051 ἐπέτρεψεν
1444 989 1474 1036 ἃ
1509 992 1702 1048 βούλοιτο

266 1067 400 1106 ποιεῖν
436 1059 534 1114 περὶ
570 1057 712 1103 adrev.
748 1055 945 1116 ἤχθησαν
983 1061 1030 1102 δὲ
1068 1058 1140 1102 ἐπὶ
1171 1061 1257 1102 τῶν
1298 1056 1439 1102 αὐτῶν
1475 1060 1634 1116 καιρῶν
1657 1060 1704 1101 ἐκ

155 1130 193 1167 Ρ.
212 1127 258 1170 91
269 1124 574 1181 Θεσσαλονίκης
611 1123 714 1181 πρὸς
754 1127 948 1182 βασιλέα,
974 1125 1188 1178 δεσμῶται
1224 1126 1297 1167 καί
1335 1124 1375 1166 οἶ
1402 1122 1479 1180 τήν
1502 1123 1759 1179 βασιλίδαιό

265 1189 397 1246 Ξένην
422 1188 497 1245 τὴν
522 1187 673 1232 τούτου
701 1189 884 1246 μητέρα,
914 1185 1014 1246 ὅπερ
1044 1188 1235 1246 ἔφθημεν
1259 1187 1466 1243 εἰπόντες,
1503 1185 1704 1233 ἑλκύσαν-

261 1270 327 1309 τες
367 1257 463 1313 βίοιο,
501 1249 539 1308 ὅ,
579 1270 626 1299 τε
666 1252 961 1309 Παλαιολόγος
999 1256 1319 1305 Κωνσταντΐνος
1356 1253 1429 1298 καὶ
1457 1249 1702 1310 Ἰωάννηςὸ

259 1320 449 1377 Ζαρίδης
475 1320 549 1362 καί
568 1318 592 1361 o‘
623 1319 985 1375 πρωταλλαγάτωρ
1001 1322 1275 1375 Σεναχηρειζιι.
1304 1313 1364 1362 ὧν
1385 1317 1484 1370 τούς
1505 1320 1587 1373 μὲν
1612 1319 1702 1373 δύο,

260 1386 467 1440 βασιλέως
502 1381 853 1441 προστεταχότος,
896 1386 968 1427 ἐπὶ
991 1386 1065 1440 τῆς
1094 1384 1295 1439 δημοσίας
1323 1384 1576 1441 §asarenam-
1603 1384 1703 1440 οἰγο-

262 1452 340 1507 ρᾶς
379 1446 674 1507 ἀφῃρημένους
714 1448 763 1494 τὰ
802 1451 959 1504 γένειον
995 1448 1070 1491 καί
1099 1448 1174 1499 τὰς
1212 1448 1360 1506 τρίχας
1395 1451 1468 1505 τῆς
1505 1451 1756 1506 κεφαλῆςῃο

261 1513 336 1558 τὸν
380 1512 678 1569 Παλαιολόγον
717 1516 764 1558 δὲ
805 1511 827 1556 ὅ
865 1514 1192 1571 πρωτοστράτωρ
1235 1513 1487 1572 ἐξῃτήσατο,
1528 1513 1702 1569 ἀνεψιὸν

262 1579 394 1622 αὐτοῦ
431 1579 703 1634 ὑπάρχοντα,
748 1577 808 1635 μή
846 1576 1003 1622 ταῦτὸν
1039 1582 1208 1621 παθεῖν·
1256 1580 1316 1629 εἷς
1341 1578 1627 1636 δεσμωτήριον
1655 1580 1703 1623 δὲ

261 1642 478 1699 ἐνεβλήθη.
508 1640 631 1701 ὀλίγῳ
661 1645 709 1686 δὲ
744 1641 916 1700 ὕστερον
943 1641 1073 1686 αὖτόν
1100 1659 1146 1686 τε
1173 1643 1246 1686 καί
1268 1643 1364 1694 τούς
1391 1639 1542 1695 ἄλλους
1571 1643 1593 1686 ὃ
1621 1646 1704 1699 βα,-

224 1707 402 1758 Βσιλεύς
428 1706 579 1764 ἠξίωσε
620 1705 879 1763 συγγνώμης.
913 1709 959 1751 ἐν
997 1713 1086 1762 τοῖς
1119 1709 1260 1760 αὐτοῖς
1288 1711 1336 1752 δὲ
1363 1714 1526 1766 καιροῖς
1562 1707 1636 1752 καί
1661 1707 1704 1752 οἷ

261 1772 451 1830 Λήμνιοι
488 1772 567 1815 τοῦ
603 1774 888 1830 πρεσβυτέρου
925 1775 1134 1827 βασιλέως
1173 1770 1451 1828 ἀποστάντες,
1493 1768 1593 1830 ἧκον
1631 1769 1755 1819 ἐπίαὸ

261 1899 361 1930 rator
384 1894 589 1939 suspicione
613 1898 752 1937 tactus,
774 1905 850 1929 non
876 1893 1059 1931 desiderio
1082 1896 1180 1930 vitae
1203 1895 1501 1940 commutandae,
1533 1896 1599 1932 sed
1622 1909 1701 1932 car-

261 1942 352 1975 ceris
379 1940 555 1974 evadendi
580 1940 650 1974 hoc
676 1941 721 1974 ab
749 1953 788 1976 se
811 1942 900 1985 peti,
924 1943 1246 1988 metropolitanum
1271 1948 1308 1977 et
1329 1943 1453 1980 laurae
1478 1944 1703 1989 praefectum

261 1987 488 2020 Gerasimum
514 1988 630 2020 mittit
645 2012 654 2028 ,
674 1988 738 2032 qui
765 1987 904 2028 dicant,
934 1988 1039 2021 illum
1064 1990 1104 2025 in
1129 1999 1297 2032 praesens
1321 1988 1420 2026 haud
1445 1990 1702 2025 convenientia

258 2039 395 2077 petere.
442 2033 533 2066 Nam
547 2057 557 2073 ‚
580 2043 627 2065 ne
653 2030 673 2065 a
696 2033 909 2069 custodibus
933 2033 1112 2069 habeatur
1136 2036 1230 2070 male
1244 2060 1254 2076 ,
1291 2034 1355 2068 sed
1378 2036 1500 2083 quiete
1523 2037 1698 2081 potiatur,

259 2079 330 2114 hoc
368 2079 425 2112 illi
459 2090 666 2112 concessum
700 2080 767 2116 iri:
805 2079 941 2116 dimitti
974 2092 1071 2116 nunc
1105 2091 1124 2114 e
1155 2092 1297 2118 carcere
1329 2082 1542 2127 neutiquam
1569 2094 1696 2128 posse:

259 2124 414 2170 proinde
449 2125 488 2157 id
525 2136 648 2169 rogare
681 2131 815 2169 parcat.
874 2126 921 2162 At
955 2125 1106 2171 despota
1129 2127 1223 2160 viros
1247 2127 1330 2163 illos
1361 2134 1514 2162 sacratos
1537 2128 1698 2174 prehen-

259 2182 362 2211 sans,
387 2169 483 2202 idem
507 2171 651 2206 enixius
672 2183 796 2213 orare,
821 2177 863 2209 ut
887 2172 951 2217 qui
975 2184 1050 2207 non
1075 2184 1119 2209 ex,
1145 2172 1331 2218 hypocrisi
1370 2180 1434 2208 aut
1466 2176 1696 2217 necessitato,

259 2217 324 2251 sed
348 2217 487 2249 sincero
512 2218 634 2261 potius
659 2218 781 2253 animo
806 2216 876 2251 hoe
898 2218 995 2252 vitae
1021 2229 1133 2263 genus
1157 2219 1358 2265 ‹le-legisset.
1409 2221 1513 2266 Quae
1540 2233 1620 2255 cum
1643 2221 1699 2255 -ad

259 2264 515 2307 imperatorem
542 2263 743 2304 referrent,
780 2263 870 2310 quid
897 2275 938 2298 eo
966 2265 1045 2298 fieri
1069 2266 1181 2301 vellet
1203 2266 1328 2302 edixit.
1377 2266 1513 2304 Eodem
1535 2272 1698 2313 tempore

259 2308 519 2345 Thessalonica
545 2308 693 2345 adducti
718 2315 803 2344 sunt
828 2310 866 2343 in
898 2311 1076 2351 vinculis,
1113 2313 1176 2357 qui
1200 2312 1338 2348 Xenam
1369 2313 1595 2358 imperatoris
1619 2325 1699 2348 ma-

258 2360 351 2389 trem
366 2380 376 2396 ,
415 2361 456 2388 ut
480 2366 586 2399 supra
610 2355 770 2391 diximus
785 2381 795 2397 ,
829 2367 896 2403 per
920 2357 992 2389 vim
1016 2368 1036 2390 a
1060 2357 1236 2401 Deip-arae
1272 2363 1388 2394 statua
1426 2359 1697 2403 abstraxerant3

263 2401 524 2434 Constantinus
550 2401 808 2447 Palaeologus,
849 2403 1000 2439 Ioannes
1024 2404 1165 2439 Zaridas
1191 2410 1228 2438 et
1259 2404 1490 2439 Senacherim
1522 2406 1700 2451 protana,-

258 2452 377 2494 gator:
405 2458 556 2493 quorum
578 2445 664 2488 duo,
701 2448 931 2492 imperatoris
961 2450 1144 2491 mandatu,
1169 2450 1297 2486 abrasa
1333 2450 1444 2485 barba
1471 2457 1507 2485 et
1541 2452 1695 2500 capillis,

257 2493 404 2537 publice
429 2494 468 2527 in
496 2493 572 2528 foro
598 2493 643 2526 ad
667 2494 903 2538 spectandum
928 2496 1095 2531 omnibus
1129 2497 1349 2541 ignominiae
1374 2508 1477 2531 causa
1499 2503 1585 2531 sunt
1608 2510 1695 2543 pro.-

257 2539 389 2584 positi;
423 2539 671 2584 Palaeologum
698 2545 934 2585 protostrator
966 2546 1007 2574 ut
1043 2542 1299 2578 consobrinum
1333 2543 1500 2588 precibus
1527 2544 1601 2577 suis
1627 2544 1694 2581 de-

257 2585 388 2619 decore
413 2585 622 2631 prohibuit:
658 2585 721 2619 sed
745 2586 786 2619 in
816 2597 995 2620 carcerem
1030 2587 1134 2622 datus
1170 2593 1244 2632 est3
1277 2589 1336 2623 cui
1358 2594 1443 2635 post
1465 2589 1574 2623 breve
1599 2595 1694 2627 tem,-

255 2642 346 2684 pus,
381 2636 423 2664 ut
448 2630 591 2664 duobus
614 2631 719 2673 aliis,
750 2632 948 2678 imperator
981 2634 1129 2679 ignovit.
1178 2634 1288 2669 Paulo
1310 2640 1393 2680 post
1415 2641 1454 2670 et
1474 2635 1618 2670 Lemnii
1645 2635 1692 2670 ad

256 2678 436 2714 iuniorem
463 2676 704 2715 desciscentes
737 2684 933 2715 venerunt:
979 2679 1087 2716 simul
1111 2686 1153 2715 ut
1177 2692 1255 2717 eam
1278 2692 1354 2718 rem
1379 2681 1436 2719 lui
1459 2683 1690 2726 nuntiarent3
