1832 3138
299 110 369 167 38
824 122 1190 166 CANTAcUzEm

101 237 185 275 A‚C.
203 241 287 276 1320
299 229 400 278 λέως
422 224 589 283 εἴρηταί
615 240 660 266 τε
683 223 756 267 καὶ
778 226 1011 282 πέπρακται
1031 223 1102 266 ἐπὶ
1122 225 1174 280 τῇ
1199 222 1423 264 καταλύσει
1451 221 1528 264 ‘tob’
1556 221 1724 278 ἐγγόνου

302 292 374 334 καί
403 291 606 346 βασιλέως
638 288 844 345 ἀκηκοώς,
882 290 1102 347 ἠγανάκτει
1134 305 1179 330 τε
1213 285 1286 330 οὖκ
1323 284 1500 337 ἀνεκτῶς
1524 286 1598 330 καὶ
1624 292 1727 330 πολ..

174 361 215 396 V.
237 373 279 396 22
293 357 368 412 λὴν
387 355 655 410 κατεγίνωσκε
674 357 750 398 τοῦ
770 356 1006 412 πράγματος
1023 351 1334 410 α’γνωμοσύνην.
1369 351 1433 395 διὸ
1455 351 1508 408 δὴ
1523 352 1596 396 καὶ
1614 350 1724 410 3αρ-

293 422 490 479 ρήσαντες
516 420 538 463 ὃ
573 423 662 471 νέος
692 419 888 474 βασιλεύς
923 420 1002 463 σὺν
1030 417 1251 477 δομεστίκῳ
1277 418 1336 477 τῷ
1369 418 1548 476 μεγάλῳ,
1589 412 1723 469 ἷίλλως

291 490 337 529 θ’
353 483 412 529 ὅτι
437 485 511 528 καί
542 485 691 543 φιλίως
718 484 820 542 πρὸς
846 482 999 536 αύτούς
1034 485 1204 527 διέκειτο
1235 482 1307 525 καὶ
1335 482 1534 540 πρότερον
1556 481 1580 527 ὅ
1610 482 1751 540 προσ-5

291 551 523 608 τοστράτωρ
533 585 547 605 ,
589 553 645 609 τῷ
670 549 832 610 μεγάλῳ
871 552 918 593 δὲ
961 552 1140 604 μάλιστα
1180 547 1405 608 δομεστίκῳ
1442 549 1489 591 ἐκ
1523 549 1596 605 τῆς
1620 546 1724 604 πρὸς

285 612 519 674 Ἀδριανοῦ
543 614 663 659 πόλιν
691 615 805 672 παρὰ
830 617 889 674 τῷ
915 619 1084 670 βασιλεῖ’
1103 613 1285 669 Μιχαὴλ
1309 614 1552 671 διατριβῆς,
1587 611 1723 671 χρόνῳ

289 683 425 740 πολλῷ
445 683 516 737 τῆς
554 681 696 739 φιλίας
720 677 860 732 αὖτοῖς
902 682 1079 738 ἰσχυρᾶς
1117 682 1353 735 γενομένης,
1400 680 1489 722 δεῖν
1525 675 1725 738 ᾠήθησαν

288 746 479 791 κοινωνὸν
517 746 589 790 καὶ
616 743 741 789 αὖτὸν
773 748 857 790 τῶν
887 747 1175 803 πραττομένων
1209 747 1479 801 παραλαβεῖν·
1510 742 1656 801 φιλίας
1678 759 1724 787 τε

289 814 367 867 τῆς
384 810 486 868 πρὸς
507 808 658 862 αύτούς
677 814 796 856 ἕνεκα
816 811 889 854 καὶ
905 809 1078 868 ἀνδρίας
1098 810 1170 869 καὶ
1182 811 1403 865 πολεμικῆς
1423 807 1640 867 ἐμπειρίας
1652 807 1775 851 nahe

173 883 208 918 P.
235 884 282 924 27
293 877 542 934 φρονήσεως,
571 872 621 932 ἧς
637 876 682 919 αἶ
701 880 889 920 τοιαῦται
909 875 1088 931 μάλιστα
1102 877 1185 918 τῶν
1206 871 1396 932 πράξεων
1419 877 1592 917 δέονται·
1618 870 1722 916 οἶνοι..

289 941 563 985 καλύπτουσι-ν
600 939 711 1002 αύτῷ
735 943 953 999 τοιγαροῦν
987 939 1063 984 ὅσα
1096 958 1138 984 τε
1170 940 1192 984 ὃ
1211 938 1410 995 βασιλεύς
1443 937 1640 996 μηνύσειε
1663 939 1722 996 τῷ

285 1005 434 1064 ἔγγόνῳ
445 1041 457 1060 ,
486 1004 633 1050 ὁποίων
652 1024 697 1050 τε
717 1006 838 1062 τύχοι
855 1009 938 1050 τῶν
960 1004 1215 1063 ἀποκρίσεων
1227 1041 1240 1060 ,
1267 1003 1329 1048 ἔτι
1350 1021 1393 1048 τε
1417 1002 1494 1048 ὅσα
1517 1004 1590 1047 καὶ
1602 1001 1725 1048 adron·

283 1070 385 1128 περὶ
418 1073 501 1114 τῶν
532 1075 628 1113 καθ’
655 1069 827 1122 ἑαυτούς
847 1073 1140 1127 βουλεύσαιντο
1159 1071 1422 1128 πραγμάτων.
1455 1067 1484 1113 ἃ
1507 1068 1558 1126 δὴ
1589 1069 1721 1113 πάντα

284 1138 419 1186 καλῶς
443 1134 555 1191 ἔχειν
573 1137 930 1194 ε’πιψηφισάμενος
953 1136 1027 1180 καί
1038 1135 1174 1191 αὖτὸς,
1193 1140 1400 1180 κοινωνεῖν
1425 1133 1566 1187 αὖτοΐς
1590 1137 1774 1181 emto&

284 1201 358 1243 καὶ
379 1192 461 1244 τῶν
487 1202 780 1256 βουλευμάτων
806 1202 880 1246 καὶ
906 1203 988 1246 τῶν
1012 1202 1218 1245 κινδύνων
1251 1203 1380 1258 μέχρι
1419 1198 1581 1252 παντός.
1630 1203 1722 1244 ἐδέ-

284 1269 405 1310 δοκτο
429 1268 475 1309 δὲ
501 1267 657 1318 τούτοις
681 1265 769 1322 ἅμα
796 1269 853 1326 τῷ
879 1271 1061 1322 βασιλεῖ’,
1098 1265 1201 1323 πρὸς
1227 1269 1388 1322 μηδένα
1408 1268 1612 1322 μηδαμῶς
1635 1269 1721 1310 ἕτε-

284 1348 358 1389 ρον
383 1333 464 1376 τῶν
485 1332 714 1386 Ῥωμαίων
745 1334 904 1390 ἐκφανῆ
937 1335 1131 1388 γενέσθαι
1152 1331 1203 1374 τοὶ
1234 1331 1535 1387 βουλευόμενα,
1556 1329 1631 1375 ’ὅτι
1658 1331 1719 1388 μή

283 1397 466 1441 τουτοισὶ
485 1403 571 1448 τοῖς
591 1397 724 1455 τρισί,
753 1396 979 1456 δομεστίκῳ
1002 1395 1159 1453 δηλαδὴ
1185 1399 1241 1456 τῷ
1263 1396 1425 1455 μεγάλῳ
1452 1397 1526 1440 καὶ
1553 1399 1611 1457 τῷ
1634 1401 1717 1441 Συ-

284 1464 448 1521 ναδηνῷ
469 1462 801 1520 πρωτοστράτορι
823 1462 897 1505 καί
915 1461 1150 1520 Συργιάννῃ
1161 1496 1173 1515 ,
1203 1461 1275 1505 καί
1294 1466 1336 1505 Γ
1333 1464 1562 1514 εννουΐταις
1583 1465 1773 1511 Aut-1220

248 1536 374 1577 Βνοις
393 1526 547 1584 ἑτέροις
564 1532 689 1585 τρισί,
719 1528 855 1585 φίλοις
873 1529 951 1582 μὲν
978 1523 1072 1570 οὖσι
1090 1530 1451 1582 δεδοκιμασμένοις
1469 1530 1525 1587 τῷ
1543 1533 1720 1584 βασιλεῖ’,

281 1593 525 1646 δυναμένοις
546 1595 593 1634 δὲ
616 1592 774 1648 μεγάλα
793 1592 895 1650 πρὸς
917 1592 992 1648 τὴν
1009 1595 1068 1643 εἰς
1083 1596 1272 1650 Χριστοῦ
1284 1590 1404 1635 πόλιν
1424 1596 1471 1636 ἐκ
1483 1595 1719 1646 Βυζαντίου

279 1657 703 1714 συγκαταπράξασθαι
724 1658 861 1715 φυγὴν
887 1656 1039 1709 αὖτοῖς.
1060 1658 1348 1714 ἐπηγγείλαντο
1363 1659 1442 1715 γὰρ
1469 1656 1601 1714 αύτοί,
1609 1667 1719 1717 τρεῖς

276 1724 356 1775 μὲν
376 1722 555 1779 τριήρεις
577 1725 740 1773 οἰκείοις
762 1724 1011 1777 ἄναλώμασι
1032 1725 1287 1779 πληρώσειν,
1321 1722 1424 1767 ἑπτὰ
1445 1727 1487 1766 δ’
1509 1723 1650 1782 ἑτέρας
1672 1728 1723 1777 ἐκ,

276 1789 482 1839 βασιλέως
505 1787 695 1841 λαβόντες
725 1790 933 1844 χρήματα,
968 1788 1026 1838 ὦς
1060 1790 1159 1830 δέκα
1189 1786 1267 1838 τὰς
1302 1787 1524 1842 συμπάσας
1552 1794 1771 1845 ymnus-25

279 1854 377 1905 νας,
405 1853 479 1895 καὶ
499 1850 601 1909 πρὸς
621 1851 697 1909 τὴν
720 1849 974 1910 ἀπόδρασιν,
1005 1855 1044 1897 εἰ
1078 1854 1239 1909 δεήσει,
1267 1854 1534 1911 συνάρασθαι
1562 1850 1620 1912 τῷ
1638 1859 1717 1910 βα-

275 1961 323 1995 ob
348 1973 423 1995 rem
440 1962 580 1996 iuvenis
605 1968 641 1996 et
658 1974 803 2008 magnus
820 1963 1035 1998 domesticus
1057 1965 1229 1998 maiorem
1249 1966 1288 1998 in
1313 1975 1350 1998 se
1380 1964 1624 2009 concipientes
1649 1977 1714 2000 au-

274 2007 428 2048 daciam,
452 2011 661 2052 praesertim
679 2010 777 2054 quod
799 2015 836 2044 et
861 2017 965 2044 antea
982 2016 1275 2055 protostratorem
1297 2011 1392 2044 bene
1416 2010 1487 2043 sibi
1510 2013 1716 2056 cupientem

272 2052 506 2095 habuissent,
530 2055 610 2098 plus
632 2061 750 2088 tamen
768 2067 912 2100 magnus
948 2057 1183 2098 domesticus,
1223 2068 1268 2091 ex
1305 2068 1368 2097 e0‚
1410 2057 1508 2101 quod
1535 2058 1714 2092 Adriano—

272 2100 351 2143 poli
382 2111 461 2132 cum
490 2100 666 2134 Michaele
692 2103 906 2146 imperatore
923 2103 1027 2136 ambo
1046 2104 1229 2144 vixerant,
1253 2103 1425 2148 temporis
1451 2103 1715 2149 longinquitate

268 2146 464 2179 amicitiam
492 2147 740 2188 confirmante,
773 2147 979 2181 faciundum
1003 2149 1075 2182 sibi
1109 2150 1373 2190 existimarunt,
1410 2153 1453 2182 ut
1466 2160 1547 2183 cum
1577 2162 1619 2184 eo
1639 2162 1715 2184 rem

270 2193 590 2226 communicarent:
629 2205 703 2226 non
732 2194 847 2226 solum
875 2194 972 2239 quod
995 2196 1148 2236 amicus,
1172 2196 1235 2229 sed
1256 2197 1362 2230 etiam
1376 2195 1480 2241 ‘quod
1506 2198 1563 2230 vir
1586 2197 1712 2238 for-tis,

267 2235 358 2271 belli
395 2238 542 2282 gerendi
569 2241 705 2283 peritus
730 2245 767 2272 et
797 2240 1041 2275 consideratus
1070 2247 1163 2276 erat:
1200 2253 1291 2287 quae
1322 2243 1472 2276 virtutes
1511 2243 1645 2276 talibus
1671 2244 1711 2278 in

267 2285 423 2328 negotiis
455 2285 696 2330 maximopere
733 2291 958 2330 expetuntur.
1014 2288 1126 2332 Igitur
1153 2300 1244 2333 quae
1269 2289 1463 2334 imperator
1492 2290 1617 2334 nepoti
1643 2289 1709 2323 de-

267 2330 488 2371 nuntiasset,
523 2330 611 2374 quid
645 2333 806 2375 responsi
832 2332 1011 2366 redditum
1039 2339 1149 2375 esset,
1182 2346 1358 2380 quaenam
1383 2335 1453 2380 ipsi
1477 2335 1594 2369 adhuc
1612 2336 1708 2370 deli-

267 2374 474 2416 berassent,
496 2375 552 2409 illi
582 2378 757 2421 aperiunt.
809 2379 860 2411 Ea
878 2384 1116 2423 protostrator
1136 2382 1255 2414 omnia
1274 2381 1526 2426 comprobans,
1559 2393 1597 2415 se
1620 2393 1706 2427 per-

264 2426 376 2465 petua
401 2423 654 2456 communitate
691 2435 762 2468 qua
787 2426 1040 2466 consiliorum,
1066 2438 1137 2471 qua
1168 2427 1410 2472 periculorum
1441 2439 1521 2461 cum
1551 2429 1602 2461 eis
1639 2427 1705 2461 de-

267 2468 393 2501 vinxit.
455 2468 632 2501 Convenit
657 2470 764 2503 etiam
795 2470 868 2503 illis
894 2483 973 2504 cum
998 2477 1151 2517 nepote,
1193 2474 1330 2507 nemini
1365 2475 1602 2507 Romanorum
1627 2474 1703 2507 ullo

265 2518 371 2556 pacto
392 2514 541 2547 consilia
558 2514 774 2560 detegenda,
794 2522 1045 2563 praeterquam
1064 2519 1179 2551 tribus
1199 2518 1316 2560 hisce,
1340 2531 1469 2564 nempe
1487 2531 1614 2565 magno
1634 2519 1702 2553 do—

266 2560 434 2600 mestico,
462 2559 651 2607 Synadeno
675 2564 942 2606 protostratori,
970 2564 1175 2609 Syrgianni:
1216 2565 1351 2599 adhaec
1370 2565 1508 2599 Latinis
1530 2566 1703 2599 Genuen-

267 2605 366 2638 sibus
389 2605 523 2647 trihus,
549 2618 698 2651 quorum
718 2614 794 2642 erat
813 2609 1020 2654 imperatori
1042 2616 1228 2655 perspecta
1260 2611 1366 2651 fides,
1399 2612 1534 2657 quique
1559 2613 1633 2645 illis
1655 2612 1703 2646 ad

267 2651 385 2695 sugam
416 2653 584 2695 Byzantio
617 2652 870 2698 Chrystopolin
895 2667 1022 2700 magno
1048 2662 1195 2700 possent
1223 2668 1299 2690 esse
1325 2657 1550 2691 adiumento:
1581 2663 1701 2691 ternas

267 2698 402 2744 quippe
421 2699 581 2735 triremes
598 2710 682 2742 sue,
713 2706 877 2748 septenas
897 2703 1121 2749 imperatoris
1142 2708 1284 2750 sumptu
1305 2709 1499 2739 amaturos
1523 2705 1701 2751 promise-
