1852 3146
531 109 903 154 nls‘romARUM
933 114 976 159 ¹1.
1014 113 1081 164 52.
1399 87 1508 145 263

89 211 181 268 ἅμα
218 209 272 272 3⁴19
295 211 553 263 ,ὁπλίζεσθαι
589 209 664 266 τὴν
699 210 898 268 στρατιὰν
921 214 975 269 ,τῇ
1001 210 1194 266 σάλπιγγι
1220 210 1408 252 ἐκέλευσε
1434 223 1510 263 ση-
1523 209 1604 246 A·C·
1618 210 1705 246 1328
1761 207 1764 210 “

28 277 38 286 ²
87 279 230 335 μῆναι.
256 277 349 322 ἐπεὶ
375 277 421 319 δὲ
448 278 684 333 περιέθεντο
712 275 766 318 τά
795 273 922 331 ὅπλα,
950 275 1170 328 ταξάμενοι
1195 275 1252 326 ὥς
1278 276 1321 324 ἐς
1344 274 1512 328 μάχην,

86 334 234 402 ᾗεσαῖ
253 339 466 396 εὖκόσμως
506 338 596 395 ἅμα
632 343 704 383 καί
736 341 840 395 μετὰ
880 343 1007 396 σιγῆς.
1034 340 1090 389 ὥς
1111 342 1156 382 δὲ
1184 341 1365 394 ἐγένοντο
1394 337 1514 394 ἐγγὺς

91 409 262 466 Φερῶν,
289 407 510 462 διαβάντες
537 405 739 459 ποτάμιόν
767 422 809 448 τι
835 405 1051 460 λεγόμενον
1077 403 1357 458 Λιβοβιστὸν,
1396 402 1513 459 ἔστη-

61 479 168 521 5σαν
201 472 558 528 παρατεταγμένοι
597 471 653 521 ὥς
699 476 784 520 τοῖς
833 470 1034 518 ἐναντίοις
1073 470 1391 522 συμβαλοῦντες.
1443 471 1515 511 καί
1521 479 1564 517 V.
1580 479 1643 514 130

87 536 433 595 διημερεύσαντες
450 537 562 593 ἐκεῖ,
585 538 677 578 ἐπεὶ
699 533 834 584 οὖδείς
854 530 995 583 αὖτοῖς
1018 534 1337 588 άντεπεξῆλθεν,
1365 535 1550 590 §arpa-13

87 599 382 655 τοπεδεύσαντό
408 617 453 644 τε
481 603 554 644 καί
580 602 917 656 διενυκτέρευσαν
954 600 1050 641 ἐκεῖ.
1090 597 1127 639 οἱ
1156 599 1202 639 δὲ
1227 599 1298 652 τῆς
1325 595 1517 654 ἑσπερίου

86 668 286 726 στρατιᾶς
327 665 526 722 ἡγεμόνες
577 664 915 721 ἐκκλησιάσαντες
957 666 1029 718 τῆς
1070 662 1198 718 αὐτῆς
1244 661 1389 711 νυκτὸς
1428 660 1517 716 ἅμα

90 733 255 790 Χρέλῃ,
294 732 350 789 τῷ
398 733 482 774 τῶν
523 729 756 784 συμμάχων
800 730 1014 786 Τριβαλῶν
1049 728 1286 784 στρατηγῷ,
1324 728 1519 780 ἐβουλεύ-

24 795 207 851 ζιοοντο,
236 797 277 839 εἶ
311 798 399 840 δέοι
436 795 652 851 μάχεσθαι
685 798 870 849 βασιλεῖ·
908 794 981 835 καί
1015 790 1153 842 ἔδοξεν
1188 792 1422 840 ἀλυσιτελὲς
1449 791 1521 834 καί

81 859 312 917 Ῥωμαίοις
350 860 423 904 καὶ
454 867 542 911 τοῖς
578 859 827 914 συμμάχοις.
866 857 892 914 ἢ
919 855 995 914 γὰρ
1025 857 1198 908 εὐταξία
1226 857 1298 898 καί
1322 857 1347 912 ἦ
1384 856 1517 912 σιωπὴ

87 928 161 970 καί
184 927 212 984 ἧ
240 929 438 985 καρτερία
465 928 534 982 τῆς
559 927 762 981 βασιλέως
788 925 980 979 στρατιᾶς
1000 924 1089 973 δέος
1119 919 1259 970 αὐτοῖς
1285 921 1336 963 οὖ
1372 924 1517 978 μετρί-

88 1009 145 1044 ως
171 993 345 1036 ἐνεποίει
355 1026 368 1046 ,
396 991 455 1042 uic
483 991 560 1033 οῦκ
588 986 639 1032 ἂν
666 990 807 1038 αὐτοῖς
835 984 966 1038 οὕτως
995 985 1104 1044 ὅρμὴ
1142 988 1323 1043 παρέστη
1367 976 1513 1040 δαιμοζ

93 1059 164 1100 νία
201 1057 364 1100 πλείοσί
394 1073 440 1099 τε
474 1057 691 1111 μάχεσθαι
727 1052 888 1097 ἑαυτῶν
924 1052 998 1095 καὶ
1033 1052 1149 1109 παρὰ
1189 1050 1307 1094 πόλει
1334 1053 1385 1109 τῇ
1412 1067 1515 1108 σφε-

26 1123 189 1183 ᾳότέρᾳ
229 1121 694 1179 στρατοπεδευομένοις,
733 1120 774 1162 εἶ
811 1119 869 1174 μὴ
898 1118 1097 1175 πρότερον
1122 1114 1230 1160 οὕτω
1258 1117 1516 1174 παρεσκεύα-

89 1205 170 1231 σαν
197 1185 372 1238 ἑαυτοὺς
381 1221 394 1241 ,
421 1186 479 1237 ὥς
503 1183 532 1243 ἢ
558 1185 786 1241 νικήσοντες
813 1183 1047 1239 μαχόμενοι
1074 1180 1103 1239 ἢ
1126 1183 1373 1236 πεσούμενοι
1399 1182 1512 1238 παρὰ

86 1252 164 1308 τὴν
189 1251 342 1308 μάχην.
370 1252 483 1305 ἔδοξε
511 1253 559 1294 δὲ
587 1248 731 1301 αὐτοῖς
767 1253 1016 1302 λυσιτελεῖν,
1054 1248 1224 1305 τειχήρη
1263 1250 1544 1302 κατέχονταςο

86 1316 165 1373 τήν
202 1315 424 1374 στρατιάν,
464 1321 665 1374 φρουρεῖν
698 1315 772 1371 τήν
798 1313 914 1357 πόλιν
949 1313 1023 1356 καὶ
1046 1314 1266 1367 ὑπομένειν
1302 1312 1374 1368 τὴν
1402 1316 1518 1354 πολι-

90 1385 255 1440 ορκίαν,
281 1381 353 1433 ’ὥς
391 1383 466 1424 τοῦ
505 1384 710 1437 βασιλέως
748 1381 798 1422 οὔ
826 1382 1144 1436 περιμενοῦντος
1172 1380 1390 1430 ἐνταυθοῖ,
1429 1373 1518 1419 ἀλλ’

25 1449 473 1509 γᾗαοέπανοιστρέψοντος
495 1449 668 1503 ταχέως.
699 1443 786 1499 ἅμα
815 1448 860 1488 δὲ
888 1447 940 1504 ἕῳ
969 1446 1026 1495 εἷς
1045 1443 1120 1500 τὴν
1146 1444 1371 1500 ὑστεραίαν
1399 1442 1421 1484 ὅ
1441 1446 1519 1496 βα-

33 1509 36 1515 ’
87 1513 227 1564 σιλεὺς
259 1512 335 1570 τὴν
373 1511 574 1570 στρατιάν
614 1511 877 1568 ὡπλισμένην
919 1511 1160 1567 παρατάξας
1201 1507 1256 1560 ὥς
1284 1510 1326 1558 ές
1352 1509 1493 1563 μάχην
1503 1541 1518 1562 ,

87 1573 191 1635 ἄχρι
208 1579 465 1634 μεσεμβρίας
496 1576 631 1632 ἔμεινε
668 1575 747 1634 πρὸ
772 1578 854 1620 τῶν
881 1578 1053 1630 τειχῶν,
1092 1573 1267 1626 ἐλπίζων
1307 1576 1351 1622 ές
1376 1572 1519 1628 μάχην

88 1641 430 1700 προκαλέσασθαι
461 1641 557 1693 τοὺς
585 1640 713 1685 ἔνδον.
754 1639 810 1692 ὥς
848 1644 894 1683 δὲ
932 1641 1068 1689 οὐδείς
1106 1639 1246 1689 αὐτοῖς
1273 1635 1517 1690 ἆντεπεξώι,

88 1706 160 1750 τὸν
185 1709 357 1751 Λουκᾶν
393 1709 435 1750 Γ
430 1707 600 1764 εώργιον
633 1708 827 1762 πέπομφε
865 1705 969 1762 πρὸς
997 1702 1150 1754 αὖτοὺς
1179 1703 1201 1746 ὅ
1229 1702 1444 1758 βασιλεὺς,
1472 1705 1519 1745 ἐκ

39 1774 178 1816 25ro3⁴v
214 1773 379 1815 οἰκετῶν
414 1772 493 1822 μὲν
534 1766 634 1810 ὄντα
673 1773 756 1809 τῶν
793 1767 947 1824 αὐτοῦ,
991 1767 1155 1812 συνετὸν
1192 1770 1238 1810 δὲ
1280 1763 1412 1814 ἄλλως
1449 1767 1522 1808 καί

71 1835 197 1893 ’πρός
233 1834 454 1891 πρεσβείας
490 1830 639 1886 ἔχοντα
676 1832 924 1887 ἕπιτηδεάος.
986 1832 1035 1874 ὃν
1062 1833 1274 1888 γενόμενον
1300 1829 1404 1886 πρὸς
1428 1836 1521 1880 ταῖς

183 1925 217 1970 4.
240 1923 316 1958 MS.
340 1924 451 1969 Intpr.
476 1920 736 1968 Λιβοβιοστόν.
752 1923 832 1958 ED.
842 1923 880 1957 P.

93 2012 200 2052 quam
236 2013 318 2037 cum
355 2001 462 2036 hoste
496 2002 641 2036 iamiam
680 2001 908 2041 dimicaturi,
945 2011 1010 2045 per
1043 1999 1139 2033 diem
1178 1997 1423 2032 constiterunt.
1473 1996 1520 2030 Ut

92 2062 200 2087 nemo
227 2054 350 2084 contra
362 2048 464 2089 exiit,
488 2050 610 2082 castris
633 2047 772 2081 ibidem
799 2048 937 2092 positis,
955 2052 1098 2080 noctem
1126 2044 1316 2081 duxerunt.
1343 2043 1423 2089 Qua
1441 2043 1520 2088 ipsa

92 2102 200 2132 nocte
224 2096 408 2140 copiarum
433 2094 711 2128 occidentalium
734 2094 840 2127 duces
856 2118 865 2134 ,
907 2093 1076 2127 adiuncto
1104 2091 1212 2125 etiam
1237 2089 1365 2123 Chrele
1391 2089 1520 2122 Triba-

91 2144 210 2178 lorum
233 2141 402 2183 ductore,
432 2140 476 2175 de
499 2152 620 2186 pugna
643 2139 898 2173 committenda
925 2139 1179 2183 disceptarunt.
1227 2137 1442 2176 Decretum,
1480 2135 1520 2168 id

93 2199 212 2235 neque
236 2188 400 2222 Romanis
415 2212 425 2228 ,
446 2197 565 2233 neque
589 2187 696 2221 sociis
720 2186 812 2218 bene
832 2196 1005 2219 casurum:
1034 2183 1177 2217 Etenim
1200 2187 1274 2216 tam
1297 2188 1392 2215 ratus
1416 2181 1532 2222 ordo,-

94 2235 280 2270 silentium
303 2239 340 2268 et
371 2234 560 2268 tolerantia
597 2233 878 2266 adversariorum
915 2243 988 2265 non
1019 2241 1166 2276 parvum
1192 2230 1241 2262 eis
1266 2230 1429 2261 timorem
1456 2229 1515 2260 in·-

95 2281 256 2316 cutiebat
277 2280 556 2321 arbitrantibus,
582 2291 656 2313 non
682 2290 742 2312 eos
767 2284 839 2311 tam
863 2278 1014 2311 mirifico
1054 2279 1190 2319 impetu
1216 2275 1261 2308 ad
1287 2273 1517 2319 pugnandum

94 2339 175 2363 cum
205 2326 368 2372 pluribus
404 2332 442 2361 et
467 2337 567 2360 suam
598 2327 755 2370 ipsorum
794 2324 920 2358 urbem
952 2322 1193 2356 insidentibus
1226 2322 1310 2354 ferri
1343 2321 1515 2366 potuisse,

93 2375 134 2409 ni
156 2375 254 2419 prius
281 2384 401 2407 secum
433 2372 539 2419 plane
575 2371 845 2407 constituissent
879 2371 918 2403 in
941 2370 1080 2415 proelio
1113 2374 1174 2401 aut
1196 2369 1338 2401 vincere
1363 2373 1424 2400 aut
1455 2378 1516 2400 oc-

95 2420 272 2455 cumbere.
311 2419 448 2454 Placuit
471 2420 590 2464 igitur,
610 2419 709 2451 intra
734 2427 852 2454 muros
879 2427 915 2449 se
946 2416 1150 2455 continere,
1175 2414 1299 2448 urbem
1324 2413 1515 2454 custodire,

96 2472 135 2503 et
156 2466 382 2500 obsidionem
406 2466 576 2500 tolerare:
604 2475 643 2497 ac
667 2465 697 2496 si
720 2463 912 2506 imperator
936 2462 997 2496 diu
1023 2462 1100 2494 illic
1124 2460 1295 2494 haesurus
1320 2471 1393 2494 non
1412 2466 1514 2493 esset.

90 2513 288 2552 Postridie,
300 2517 423 2546 exorta
437 2512 529 2551 luce,
547 2512 752 2555 imperator,
772 2513 904 2542 armato
924 2514 960 2542 et
984 2508 1157 2552 disposito
1176 2508 1279 2552 quasi
1297 2507 1341 2541 ad
1364 2517 1516 2550 pugnam

95 2559 235 2600 milite,
269 2557 314 2591 ad
339 2558 524 2592 meridiem
555 2567 670 2602 usque
701 2567 763 2600 spe
786 2555 899 2588 hostis
934 2553 1104 2588 eliciendi
1140 2559 1221 2586 ante
1254 2564 1371 2586 muros
1395 2563 1516 2596 perse-

95 2609 204 2640 verat.
251 2603 359 2639 Nullo
382 2603 582 2648 prodeunte
597 2628 606 2643 ,
631 2603 760 2637 Lucam
786 2601 978 2646 Georgium
1003 2600 1047 2633 de
1072 2599 1306 2633 familiaribus
1332 2598 1516 2636 ministris,

96 2651 212 2688 virum
238 2655 354 2684 caium
380 2655 417 2683 et
447 2649 686 2694 legationibus
722 2647 899 2681 obeundis
926 2646 1095 2680 idoneum
1127 2646 1171 2679 ad
1209 2657 1268 2679 eos
1293 2645 1414 2677 mittit.
1461 2643 1516 2677 Ad

97 2702 235 2744 portam
260 2701 304 2731 ut
327 2697 487 2738 accessit,
509 2706 589 2741 pars
606 2693 919 2730 intromittendum
943 2692 1074 2734 dicere,
1099 2703 1178 2738 pars
1214 2702 1355 2737 negare.
1380 2690 1517 2724 Tamen
