1832 3138
286 107 303 142 1
319 105 389 161 70
799 94 1172 140 CANTACUZENI

77 210 264 248 A.c.1322
275 202 562 261 τῆνῬοδόπην
583 203 671 250 τοῖς
696 198 916 251 Ῥωμαίοις
953 194 1142 253 ῧπηκὸων
1178 193 1324 255 ἅρχων
1346 198 1571 255 ἐπαρχιῶν,
1596 196 1715 244 ἀπέ-,

271 285 395 324 στησε
416 269 494 310 τοῦ
527 268 622 310 νέου
652 263 758 320 πρὸς
786 260 861 306 τὸν
886 263 1167 320 πρεσβύτερον
1193 264 1370 317 βασιλέα
1385 298 1399 318 ,
1450 263 1473 305 ὅ
1505 260 1708 318 Τερτερὴς

265 339 358 383 ταῖς
381 331 549 375 πόλεσιν
581 332 755 379 ἐκείναις
780 326 1129 384 ἐπιστρατεύσας,
1155 327 1232 380 τοὶς
1256 330 1337 383 μὲν
1363 324 1494 380 ἄλλας
1517 327 1703 385 ἐδῄωσε,

267 396 598 440 Φιλιππούπολιν
624 396 671 437 δὲ
695 391 801 448 εἷλε,
828 393 1009 448 μεγάλην
1036 408 1082 434 τε
1101 391 1174 434 καί
1201 393 1530 450 πολυάνθρωπον
1556 388 1705 446 οὖσαν,

264 461 338 506 καί
358 463 468 520 πεζῷ
491 463 563 504 καί
584 460 738 518 ἱππικῷ
757 459 1039 515 στρατεύματι
1067 454 1332 515 ἐρ’ῥωμένην,
1374 460 1446 502 καὶ
1474 460 1521 501 ἐν
1541 456 1734 507 ἐπικαί-5

263 543 323 585 ρῳ
344 527 526 581 μάλιστα
544 524 705 582 χωρίου
731 526 939 579 κειμένην,
968 522 1025 573 ὥς
1051 519 1239 579 αὐτάρκη
1263 521 1370 566 εἶναι
1399 522 1472 566 καὶ
1498 521 1604 580 πρὸς
1633 522 1709 564 πό·-

263 596 387 646 λεμον
408 591 480 634 καί
507 593 672 648 εἰρήνην
700 591 783 633 τῶν
805 584 944 631 ἄλλων
974 588 1160 642 μάλιστα
1184 588 1495 645 ήπειρωτάῖων.
1543 584 1629 631 εἷλε
1660 587 1708 629 δὲ

263 657 404 715 τρόπῳ
424 658 592 715 τοιῷδε.
620 653 734 712 παρὰ
761 656 845 696 τῶν
870 656 915 697 ἐν
936 652 1158 711 Βυζαντίῳ
1186 651 1296 703 τινὸς
1322 653 1438 710 adn?
1458 654 1542 696 τῶν
1565 653 1708 708 ἐπιτη-

264 724 386 765 δείων
405 721 523 777 ἔχθει
546 724 605 780 τῷ
624 719 726 778 πρὸς
745 722 922 775 βασιλέα
942 717 1017 762 τὸν
1041 720 1134 762 νέον
1154 720 1296 776 κρύφα
1314 718 1520 776 ἐμηνύθη,
1547 717 1604 769 ὥς
1624 717 1709 760 τῶν

264 787 657 830 Φιλιππουπολιτῶν
696 788 756 843 τῷ
785 787 861 843 νέῳ
894 788 1065 840 βασιλεῖ
1091 785 1512 841 συστρατευομένων,
1556 784 1649 841 τῶν,
1663 798 1762 828 reio

262 847 399 895 ἄλλων
420 853 633 908 ἐγχωρίων
656 851 751 908 περὶ
768 849 843 907 τήν
862 852 936 893 τοῦ
956 850 1073 893 σίτου
1094 847 1352 905 συγκομιδήν
1376 849 1710 904 ἀσχολουμένων,

138 916 449 967 Ρ.1οὸ,ἐπελθών
477 919 524 960 ἐκ
543 919 617 959 τοῦ
649 918 864 974 αἰφνιδίου
893 916 992 974 ῥᾷον
1024 911 1077 958 ἄν
1104 916 1345 972 κρατήσειεν
1373 911 1709 974 ὄλιγανδρούσης.

262 981 372 1025 κατὰ
397 981 448 1038 δὴ
471 979 547 1039 τήν
569 981 769 1038 τοιαύτην
792 982 1005 1038 ὑφήγησιν
1030 979 1232 1035 ἐπελθών,
1261 979 1419 1040 ἀπορία
1441 982 1523 1024 τῶν
1549 977 1710 1034 ἀμυνο-

264 1050 400 1103 μένων
430 1046 718 1103 παρεστήσατο
744 1046 920 1105 ῥᾳδίως.
965 1043 1219 1103 ἀφικομένου
1241 1047 1294 1088 ,δὲ
1314 1043 1424 1099 μετὰ
1445 1044 1520 1101 τὴν
1544 1045 1711 1102 εἰρήνην

265 1113 325 1162 εἰς
345 1110 649 1166 Διδυμότειχον
670 1114 746 1154 τοῦ
771 1113 866 1155 νέου
900 1113 1127 1166 βασιλέως,
1172 1109 1196 1154 ὅ
1225 1111 1428 1168 Τερτερῆς
1461 1111 1763 1161 ἀποστείλαςιό

264 1175 479 1232 στρατιὰν,
507 1175 558 1217 τοὶ
581 1175 680 1233 περὶ
702 1176 778 1233 τήν
796 1173 1146 1233 Ἀδριανούπολιν
1169 1178 1404 1233 κατέδραμε
1421 1175 1616 1231 πολίχνια
1637 1176 1713 1219 καὶ

264 1242 475 1297 ἐληΐσατο·
510 1242 733 1294 ἐπιδιώξας
766 1244 814 1284 δὲ
849 1240 870 1284 ὅ
897 1240 1095 1297 βασιλεὺς
1127 1243 1356 1296 κατέλαβεν
1382 1244 1429 1285 ἐν
1460 1247 1548 1292 τοῖς
1578 1239 1711 1298 ὅρίοις

263 1309 337 1362 τῆς
361 1308 557 1360 Μυσίας,
585 1309 656 1349 καί
678 1307 998 1364 ἀπροσδοκήτως
1022 1306 1227 1361 ἐμπεσών,
1253 1306 1351 1356 τούς
1369 1309 1448 1361 μὲν
1471 1308 1712 1364 διέφθειρεν

264 1371 429 1426 αὐτῶν,
458 1370 558 1421 τούς
582 1372 628 1414 δὲ
660 1369 744 1415 εἷλε
778 1374 955 1426 ζῶντας,
995 1371 1101 1428 πλήν
1130 1372 1292 1427 ὀλίγων,
1319 1368 1410 1414 ὅσοι
1445 1370 1711 1428 διεσώθησαν

264 1437 554 1492 ἐπιγενομένης
582 1436 748 1487 νυκτός·
794 1437 868 1480 καί
901 1437 948 1481 τὸ
984 1437 1264 1494 στρατόπεδον
1289 1434 1434 1481 αύτῶν
1468 1436 1765 1495 διήρπασανῃο

233 1511 261 1544 Β
273 1503 312 1544 οἱ
331 1504 603 1558 στρατιῶται,
632 1502 704 1545 καί
719 1502 794 1558 τήν
812 1507 928 1546 λείαν
947 1501 1228 1558 ἐπανήγαγον.
1263 1502 1372 1557 μετὰ
1399 1504 1446 1546 δὲ
1463 1504 1614 1559 ταύτην
1635 1502 1712 1559 τήν

263 1567 406 1622 μάχην
440 1565 544 1621 ἔγνω
579 1570 666 1609 δεῖν
701 1567 725 1609 ὅ
747 1567 948 1622 βασιλεὺς
967 1566 1028 1623 μή
1050 1564 1292 1621 ἀμύνεσθαι
1319 1568 1452 1622 μόνον
1482 1569 1712 1625 ἐπερχομέ-

265 1648 363 1682 νους
385 1631 484 1681 τοὺς
508 1632 707 1686 Μυσούς,
735 1630 842 1675 ἀλλὰ
866 1636 940 1676 καί
961 1632 1092 1676 αὖτὸν
1119 1630 1263 1684 αύτοῖς
1289 1632 1614 1691 ἐπιστρατεύειν.
1641 1633 1715 1678 καὶ

265 1696 511 1752 συναγαγών
538 1697 770 1752 ἀξιόμαχον
791 1696 1002 1755 στρατιὰν,
1029 1698 1138 1753 μετὰ
1165 1698 1414 1757 τριακοστήν
1433 1697 1594 1757 ἡμέραν
1615 1702 1713 1745 ἐπέ-

267 1801 394 1845 logus,
426 1799 694 1845 provinciarum
732 1799 924 1846 Rhodopes
951 1800 1118 1835 Romanis
1151 1801 1378 1836 subditarum
1421 1803 1654 1848 praefectus,
1687 1814 1711 1837 a

266 1852 401 1891 nepote
434 1845 480 1879 ad
517 1856 621 1879 avum
655 1846 884 1888 descivisset,
924 1849 1091 1882 Terteres
1128 1848 1234 1882 urbes
1264 1850 1347 1883 illas
1378 1849 1575 1892 invadens,
1620 1849 1709 1883 alias

266 1894 361 1927 ferro
389 1893 540 1939 ignique
565 1897 740 1934 vastarat,
770 1894 1044 1939 Philippopolin
1069 1895 1224 1939 amplam
1260 1901 1298 1929 et
1325 1896 1559 1940 populosam,
1584 1896 1709 1942 equite

265 1939 704 1985 pediteque·munitam,
740 1939 873 1973 idoneo
908 1942 1065 1985 regionis
1090 1941 1170 1974 loco
1197 1941 1325 1982 sitam,
1368 1947 1405 1975 et
1438 1953 1503 1976 seu
1536 1941 1707 1986 paci-seu

266 1986 366 2019 bello
391 1985 488 2018 inter
512 1996 633 2018 omnes
660 1987 881 2019 continentis
906 1987 1013 2020 urbes
1048 1987 1251 2031 appositam
1278 1992 1432 2031 ceperat.
1481 1986 1591 2033 Cepit
1621 1999 1707 2022 vero

267 2033 338 2065 isto
363 2031 482 2064 modo.
528 2031 559 2064 A
584 2031 740 2076 quodam
764 2031 1007 2066 studiosorum
1032 2034 1108 2074 sui,
1145 2045 1234 2079 quos
1258 2031 1420 2067 habebat
1441 2034 1626 2076 Byzantii,
1661 2045 1708 2067 ex

269 2077 355 2111 odio
380 2079 419 2110 in
442 2078 698 2121 imperatorem
721 2078 903 2111 iuniorem
933 2080 1072 2113 occulte
1097 2080 1228 2113 certior
1253 2085 1330 2113 erat
1355 2080 1493 2120 factus,
1514 2079 1708 2125 Philippo-

267 2124 442 2169 politanis
474 2124 689 2168 quibusdam
722 2125 778 2158 illi
802 2125 1074 2166 militantibus,
1110 2127 1192 2158 aliis
1224 2126 1263 2159 in
1297 2125 1462 2171 frugibus
1493 2125 1706 2172 colligendis

268 2170 466 2214 occupatis,
498 2170 528 2202 si
550 2181 594 2202 ex
617 2170 809 2214 inopinato
833 2173 1082 2214 superveniat,
1107 2172 1214 2205 facile
1245 2173 1284 2205 in
1308 2177 1410 2206 tanta
1432 2172 1590 2206 virorum
1616 2184 1709 2218 pau-

269 2217 379 2249 citate
400 2215 525 2249 urbem
550 2215 795 2249 subacturum,
844 2217 919 2250 Hac
943 2219 1169 2262 suggestione
1194 2219 1344 2252 allectus
1359 2243 1369 2259 ,
1394 2218 1609 2263 improvisus
1641 2218 1708 2252 ad-

268 2262 387 2302 venit,
413 2267 450 2295 et
478 2262 525 2295 ob
554 2262 789 2301 solitudinem
818 2274 838 2295 a
863 2263 1116 2297 defensoribus
1147 2265 1249 2298 nullo
1273 2276 1349 2298 eam
1380 2265 1528 2310 negotio
1551 2264 1708 2310 subegit.

269 2308 432 2342 Profecto
457 2314 539 2352 post
556 2319 679 2352 pacem
696 2309 826 2342 factam
843 2309 1139 2353 Didymotichum
1170 2311 1314 2344 iuniore
1343 2312 1579 2354 imperatore,
1613 2311 1706 2344 Ter-

269 2359 365 2387 teres
390 2355 575 2399 oppidulis
613 2355 706 2388 circa
730 2355 992 2401 Adrianopolin
1029 2356 1350 2401 depopulationem
1386 2357 1525 2390 intulit.
1583 2357 1707 2390 Perse-

272 2405 375 2433 cutus
403 2401 678 2445 depopulatores
703 2402 899 2446 imperator
923 2408 960 2436 et
992 2403 1030 2436 in
1056 2403 1189 2436 finibus
1212 2403 1372 2436 Moesiae
1407 2408 1612 2443 assecutus,
1647 2403 1708 2435 in-

270 2452 413 2491 sperato
437 2447 566 2488 irruit,
592 2447 747 2494 aliisque
773 2448 963 2482 trucidatis
979 2474 988 2489 ‚
1015 2449 1104 2482 alios
1131 2450 1229 2483 vivos
1254 2447 1548 2492 comprehendit:
1579 2448 1706 2493 paucis

268 2492 494 2537 fugientibus
518 2505 590 2526 nox
614 2494 723 2527 saluti
747 2494 836 2528 fuit:
863 2501 976 2528 castra
997 2507 1142 2541 quoque
1167 2496 1269 2529 miles
1297 2495 1451 2540 diripuit
1477 2499 1514 2527 et
1535 2493 1704 2538 praedam

269 2539 424 2572 reduxit.
473 2540 555 2573 Post
572 2538 666 2572 hano
690 2552 843 2585 pugnam
866 2542 1063 2586 imperator
1086 2542 1227 2575 Moesos
1254 2553 1327 2575 non
1352 2542 1574 2574 incursantes
1596 2540 1703 2574 modo

269 2585 517 2628 repellendos,
551 2585 614 2619 sed
644 2586 750 2619 ctiam
788 2588 895 2621 armis
929 2588 1024 2621 ultro
1057 2587 1278 2632 appetendos
1304 2587 1533 2620 existimavit.
1584 2587 1704 2632 Quare

271 2631 366 2665 iusto
392 2633 551 2665 exercitu
596 2634 821 2677 conscripto,
865 2634 1061 2667 secundum
1089 2634 1186 2667 diem
1213 2634 1434 2667 tricesimum
1467 2633 1506 2666 in
1530 2633 1705 2666 Moesiam

271 2677 458 2717 incubuit,
489 2683 525 2712 ct
546 2678 699 2723 plurima
719 2680 798 2714 loca
832 2679 1088 2725 depraedatus,
1119 2680 1298 2726 captivum
1329 2680 1471 2716 nullum
1501 2680 1599 2721 fecit,
1624 2678 1706 2726 (nec
