1832 3138
285 114 306 150 1
325 115 344 150 1
355 94 389 151 8
808 101 1187 146 CANTAcanM

77 212 423 271 A-c13211p69wv
455 208 658 267 πράκταις
694 203 1140 264 ὑπογραμματεύοντα,
1193 205 1328 246 καίτοι
1377 201 1426 245 τὸ
1480 200 1713 260 δεινότερον

278 280 478 335 ἀφεῖλον,
521 271 579 322 ὥς
604 271 656 328 δή
678 287 721 315 τι
750 270 1004 326 θαυμαστὸν
1028 272 1174 326 λέγων.
1201 266 1225 311 ὅ
1257 267 1336 325 γὰρ
1368 265 1498 319 αὖτός
1520 268 1596 322 ἐμὲ
1611 271 1714 311 πολ-

269 348 364 392 λαῖς
394 339 668 394 ὑποσχέσεσιν
711 337 1002 393 ἐξαπατήσας,
1046 338 1131 378 τῶν
1167 333 1379 391 δημοσίων
1414 333 1528 377 affine
1558 331 1712 391 ἔφορος

269 405 515 460 ἀπεδείχθη.
557 398 649 446 εἶτα
682 404 771 446 τῶν·
795 404 874 457 μὲν
916 402 1184 455 ὑποσχέσεων
1230 399 1543 456 ἐκπεπλήρωκεν
1574 396 1712 442 οὔδ’-έν·

170 472 383 526 Ρ.75ὅμοῧ
407 472 454 512 δὲ
482 471 624 511 πᾶσαν
642 467 720 523 τήν
739 469 786 510 ἐκ
821 469 907 510 τῶν
936 465 1049 508 ἁλῶν
1076 464 1284 522 πρόσοδον
1317 463 1601 522 καταφαγών,
1639 465 1738 509 καὶὸ

273 534 346 581 διὰ
376 537 488 578 τοῦτ’
507 536 554 577 ἐκ
574 534 737 576 πολλῶν
759 530 881 587 ὀλίγα
905 533 1126 587 ζητοῦντος
1145 529 1253 583 ἐμοῦ
1290 532 1460 584 λαβεῖν,
1497 531 1557 588 τῷ
1579 530 1711 588 καιρῷ

269 600 554 658 χρησάμενος,
593 597 698 654 πρὸς
719 596 791 642 τὸν
817 596 920 652 ἐμὸν
955 594 1118 651 ἔγγονον
1147 589 1276 654 ᾤχετο
1313 591 1513 652 ἀποδράς.
1539 595 1606 645 τίς
1637 589 1713 637 οὖν

271 669 420 710 τοῦτον
456 662 560 708 ἰδών
603 660 714 706 οὕτω
743 663 975 717 τιμώμενον
1001 664 1102 716 παρ’
1122 661 1264 718 αὐτῷ,
1294 656 1402 703 ὥστε
1431 660 1505 704 καὶ
1533 662 1607 705 ἐπὶ
1626 665 1714 710 Ιτοῖς

270 738 360 781 τοῖς
390 727 690 786 εὐγενεστάτοις
717 730 997 786 προσήκουσιν
1024 727 1158 782 ἔργοις
1187 726 1302 784 αὐτῷ
1318 728 1533 782 χρῆσθαι,
1563 722 1639 768 οὔκ
1659 721 1714 768 ἂν

265 797 502 852 ἐξεπίτηδες
523 794 694 849 νομίσαι
714 795 774 844 εἰς
804 790 928 836 οἷνιάν
953 795 1049 846 ἐμοὶ
1071 790 1187 849 παρὰ
1211 793 1419 846 βασιλέως
1440 792 1518 834 vo&
1538 788 1765 857 ἐγχόνουιο

269 858 609 906 συνεσκευάσθαι
618 877 633 913 ,·
661 860 702 903 εἰ
718 857 798 916 γάρ
823 861 897 902 καί
930 861 989 916 τῷ
1013 852 1103 901 ὄντι
1129 855 1187 913 μή
1213 861 1315 914 παρ’
1346 855 1505 900 ἐκείνου
1536 857 1712 914 τοιαύτῃ

270 929 506 984 πέπρακται
530 925 697 984 γνώμῃ,
739 925 831 968 ἀλλ’
856 924 895 968 οἱ
926 924 1075 966 πολλοὶ
1104 921 1211 966 οὕτω
1233 938 1279 978 γε
1303 923 1559 976 νομιοῦσιν.”
1581 917 1714 965 ’.Απο-

270 993 523 1050 κριναμένης
554 993 600 1034 δὲ
628 994 702 1034 καί
727 987 869 1047 αὐτῆς,
897 991 990 1032 οὐδ’
1015 985 1067 1032 ἂν
1099 989 1206 1047 αὐτῇ
1238 990 1374 1031 δοκεῖν
1409 1002 1715 1046 καταφρονητι-

269 1059 353 1108 κῶς
388 1054 504 1113 παρὰ
544 1058 752 1111 βασιλέως
791 1058 868 1098 τοῦ
899 1058 994 1098 νέου
1028 1053 1103 1097 τὸν
1139 1055 1407 1108 Ἀπόκαυχον
1437 1051 1714 1096 ἀπεστάλθαι)

267 1121 452 1176 „aalide
487 1123 562 1177 τῆς
590 1124 650 1172 εἷς
668 1124 742 1176 σὲ,
770 1124 958 1176 βασιλεῦ,
989 1121 1134 1171 αἰδοῦς
1160 1135 1208 1162 τε
1236 1121 1310 1162 καί
1335 1116 1556 1175 εὖλαβείας
1581 1117 1765 1161 &dm-15
1809 1174 1818 1179 ᾖ

231 1187 388 1237 Βκότος
403 1186 480 1237 τοὶς
501 1183 774 1240 ἆποὸειξεις,”
801 1186 826 1229 o‘
849 1183 1049 1241 βασιλευς
1066 1184 1139 1228 τόν
1159 1201 1203 1228 τε
1226 1186 1571 1245 πρωτασηκρῆτις
1592 1186 1712 1240 Βαρ-

267 1251 401 1308 δαλήν
429 1254 503 1294 καί
525 1251 596 1294 τὸν
621 1254 955 1309 Καλλικρηνίτην
981 1247 1072 1305 ἅμα
1099 1249 1177 1293 σὺν
1200 1247 1307 1307 αὖτῇ
1328 1248 1435 1307 πρὸς
1457 1247 1528 1292 τὸν
1546 1246 1711 1304 ἔγγονον

267 1314 528 1359 ἀποστέλλει.
557 1313 824 1374 ἀφικομένων
846 1317 894 1358 δὲ
917 1315 1026 1372 πρὸς
1058 1314 1212 1367 αὐτὸν,
1251 1313 1358 1372 πρὸς
1379 1316 1460 1368 μὲν
1492 1307 1591 1364 τόύς
1613 1312 1714 1371 περὶ

264 1383 340 1425 τοῦ
370 1378 637 1437 Ἀποκαύχου
668 1381 814 1437 λόγους
843 1381 901 1432 ὥς
931 1382 1108 1424 ἐπύθετο
1128 1382 1201 1423 τοῦ
1222 1382 1442 1435 βασιλέως,
1471 1378 1559 1436 ,μή
1601 1376 1710 1423 οὕτω

263 1447 467 1503 μανειἠν”
517 1446 542 1489 ὅ
566 1448 657 1496 νέος
690 1445 829 1504 εἴρηκε
859 1445 1057 1501 βασιλεὺς
1087 1446 1175 1499 »ὥς
1207 1443 1235 1502 ἢ
1270 1446 1421 1502 μικρὸν
1451 1441 1481 1501 ἢ
1500 1446 1610 1501 μέγα
1637 1445 1762 1488 &nizo

263 1512 376 1569 λύπῃ
405 1507 435 1568 ἢ
462 1511 772 1570 καταφρονήσει
791 1514 868 1554 τοῦ
892 1514 998 1566 ἐμοῦ
1021 1513 1196 1568 ποιῆσαι
1223 1513 1371 1568 κυρίου
1398 1513 1471 1554 καί
1487 1511 1708 1566 βασιλέως.

263 1575 312 1619 τὸ
335 1576 415 1634 γάρ
450 1574 556 1628 ὅλως
593 1576 700 1634 πρὸς
734 1576 865 1621 αὖτὸν
902 1578 1110 1634 ἁμαρτεῖν
1140 1574 1320 1630 ἑκόντα,
1359 1578 1435 1632 τῆς
1462 1575 1571 1632 ἴσης·
1593 1572 1708 1628 ἄξιόν

263 1643 378 1685 ἔστιν
396 1644 534 1692 αἰτίας
554 1645 656 1699 παρ’
674 1642 774 1696 ε’,ιιοί
792 1644 934 1700 κριτῇ,
954 1638 1007 1684 ἄν
1018 1658 1063 1684 τε
1078 1644 1223 1696 μεῖζον
1246 1637 1301 1685 ἄν
1320 1645 1359 1684 τ’
1375 1641 1543 1684 ἔλαττον
1567 1641 1708 1695 ἅμάρὲ

262 1723 376 1762 τημα
409 1701 447 1763 ᾖ.
485 1707 749 1762 Ἀπόκαυχος
776 1709 824 1750 δὲ
851 1703 933 1762 οὔχ
975 1708 1032 1757 ὥς
1063 1709 1262 1764 πρέσβις,
1300 1708 1400 1750 οὐδὲ
1434 1709 1512 1763 τῆς
1539 1707 1707 1765 εἰρήνης

262 1770 511 1827 βεβαιωτής,
541 1773 695 1828 (ταῦτα
715 1771 797 1829 γὰρ
819 1775 871 1830 τῇ
900 1774 983 1830 ἐμῇ
1002 1772 1100 1832 θείᾳ
1124 1774 1363 1831 προσήκεις)
1383 1770 1476 1816 ἀλλ’
1499 1773 1557 1822 ὦς
1574 1772 1760 1830 γραμ-25

262 1854 430 1888 faciebat.
481 1854 710 1903 Quamquam
730 1856 832 1902 quasi
851 1854 1025 1902 quiddam
1048 1856 1229 1902 singulare
1249 1855 1430 1899 dicerem,
1455 1856 1553 1903 quod
1576 1857 1706 1892 absur-

264 1900 346 1934 dius
379 1907 435 1934 est
467 1903 581 1935 omisi.
639 1902 739 1936 Idem
768 1903 865 1936 enim
895 1902 1134 1947 Apocauchus
1167 1914 1248 1938 cum
1276 1903 1400 1937 multis
1433 1915 1492 1938 me
1521 1905 1704 1948 promissis

265 1947 588 1989 circumduxisset‚
613 1959 695 1981 mea
719 1949 936 1982 auctoritate
959 1950 1013 1982 rei
1035 1948 1185 1983 salariae
1211 1951 1417 1994 praefectus
1449 1956 1515 1988 est.
1560 1950 1704 1985 Deinde

263 1995 439 2040 promissa
461 1994 705 2038 posthabens,
742 2006 823 2028 cum
845 1995 955 2028 simul
975 2007 1099 2029 omnes
1117 2006 1136 2028 e
1156 1995 1228 2028 sale
1248 1994 1385 2029 reditus
1416 1995 1642 2037 devorasset,
1667 2003 1708 2031 et

267 2051 331 2085 ego
352 2040 486 2073 idcirco
509 2040 553 2074 de
577 2041 701 2074 multis
722 2052 835 2086 pauca
855 2042 1075 2087 requirerem
1089 2066 1099 2079 ,
1127 2042 1314 2075 occasione
1337 2054 1445 2083 usus,
1468 2042 1514 2076 ad
1536 2049 1705 2087 nepotem

264 2097 384 2120 meum
402 2086 575 2131 profugit.
625 2086 717 2131 Quis
739 2087 849 2132 igitur
869 2087 968 2121 hunc
993 2087 1178 2121 hominem
1206 2093 1394 2133 tantopere
1422 2089 1467 2122 ab
1490 2091 1556 2123 illo
1585 2089 1705 2123 hono-

264 2137 383 2172 ratum
407 2143 573 2174 cerneus,
599 2139 641 2166 ut
660 2134 699 2166 in
721 2134 876 2178 negotiis
898 2134 1135 2168 nobilissimis
1157 2133 1367 2168 hominibus
1394 2135 1598 2170 deferendis
1627 2137 1705 2170 eius

265 2190 377 2223 opera
398 2184 542 2220 utatur,
578 2190 652 2212 non
688 2180 727 2213 id
747 2180 791 2213 de
815 2179 995 2213 industria
1022 2191 1042 2213 a
1070 2185 1205 2225 nepote
1231 2180 1278 2214 ad
1308 2181 1471 2215 dolorem
1499 2182 1590 2217 mihi
1617 2183 1706 2215 inu-

266 2224 417 2259 rendum
441 2236 517 2258 esse
549 2232 797 2270 comparatum
821 2227 1028 2261 existimet?
1051 2228 1099 2261 Et
1119 2231 1161 2260 ut
1188 2228 1283 2260 istuc
1310 2227 1380 2273 hac
1399 2234 1522 2263 mente
1546 2241 1620 2263 non
1647 2229 1705 2263 fe-

266 2272 376 2312 cerit,
399 2271 525 2316 vulgus
549 2277 670 2305 tamen
687 2272 725 2305 id
748 2273 993 2306 arbitrabitur.
1042 2273 1296 2318 Respondente
1318 2275 1592 2320 Palaeologina‚
1627 2287 1703 2310 non

265 2317 338 2352 sibi
357 2317 473 2352 videri
503 2318 759 2362 Apocauchum
782 2330 804 2352 a
825 2325 958 2364 nepote
984 2325 1210 2363 contemptus
1236 2321 1349 2365 gratia
1371 2321 1546 2366 legatum:
1584 2333 1702 2368 quan-

266 2364 463 2409 doquidem
487 2366 565 2398 eius
598 2370 654 2398 tot
677 2377 757 2410 erga
779 2367 897 2410 ipsum
929 2372 1037 2399 antea
1071 2367 1295 2400 reverentiae
1326 2373 1362 2401 et
1384 2368 1534 2413 ingenui
1560 2369 1702 2402 timoris

268 2410 485 2444 documenta
509 2417 667 2454 exstent;
693 2413 888 2456 imperator
912 2413 1249 2456 protosecretarium
1275 2413 1450 2448 Bardalen
1470 2420 1508 2448 et
1527 2414 1702 2449 Callicre-

263 2457 368 2491 niten
394 2469 473 2491 cum
503 2469 543 2491 ea
572 2457 619 2491 ad
645 2464 815 2502 nepotem
840 2460 965 2497 mittit,
1014 2459 1089 2504 Qui
1127 2459 1192 2492 ubi
1221 2461 1316 2493 senis
1353 2472 1460 2506 super
1482 2459 1700 2505 Apocaucho

262 2514 465 2537 sermonem
484 2503 642 2546 audivit,
668 2506 794 2539 Procul
813 2518 834 2539 a
850 2517 907 2539 me
929 2507 976 2539 sit
999 2506 1067 2540 ista
1082 2505 1231 2547 insania,
1254 2507 1388 2552 inquit,
1419 2512 1461 2540 ut
1481 2507 1539 2540 vel
1552 2519 1700 2553 parvum

261 2550 322 2583 vel
346 2561 515 2596 magnum
547 2551 733 2596 quippiam
762 2551 808 2584 ad
842 2553 1045 2586 molestiam
1074 2557 1361 2598 contemptumve
1390 2553 1528 2587 domini
1555 2555 1629 2588 mei
1662 2559 1700 2589 et

265 2596 493 2641 imperatoris
522 2596 723 2643 designem:
764 2599 803 2631 in
833 2611 940 2645 quem
978 2601 1152 2634 scientem
1176 2610 1349 2644 peccare,
1387 2611 1515 2645 magna
1549 2601 1700 2635 omnino

267 2643 371 2687 culpa
406 2649 571 2686 tenetur,
616 2655 673 2678 me
711 2644 852 2686 iudice,
889 2646 1031 2679 etiamsi
1056 2650 1240 2692 peccatum
1269 2657 1344 2680 non
1377 2657 1544 2692 magnum
1575 2647 1698 2684 fuerit.

266 2687 500 2736 Apocauchus
515 2702 589 2726 non
607 2696 648 2725 ut
665 2691 824 2737 legatus,
847 2702 967 2738 neque
994 2698 1033 2727 ut
1057 2693 1156 2740 pacis
1183 2693 1426 2734 confirmator,
1442 2727 1444 2730 ,
1461 2691 1565 2738 (haec
1598 2694 1698 2728 euim
