1832 3138
210 168 224 171 ⁷.
282 109 387 184 174
809 120 1180 164 CANTAcUzEm

77 235 261 275 A.C,1322
271 225 443 270 καίδεκα
472 220 605 266 οἰκίαν
632 220 908 264 κατεσκεύασε
945 223 1112 277 ξυλίνην
1159 220 1393 277 δυναμένην
1417 221 1707 273 ὗποδέξασθαι

271 287 426 346 ἄνδρας
451 285 612 340 ἑκατὸν,
640 286 683 328 οἳ
702 285 874 340 ἔμελλον
895 285 973 342 τὴν
994 304 1054 342 μη
1055 285 1193 342 χανὴν
1212 292 1338 328 κινεῖν
1354 285 1526 329 ἔνδοθεν
1540 287 1708 331 &305⁹-

270 371 351 404 τες·
393 349 586 408 ὑπεράνω
625 353 671 393 δὲ
706 353 785 392 τοῦ
813 353 1039 406 οἰκήματος
1078 349 1239 402 ξύλινον
1265 350 1423 407 πύργον
1463 351 1707 408 καταστρώ-

268 436 384 474 ματα
403 418 548 472 ἔχοντα
576 419 724 470 πέντε,
765 416 824 466 ῶς
865 418 910 460 ἐν
936 413 1095 475 ἑκάστῳ
1125 414 1176 471 δὴ
1206 415 1525 473 καταστρώματι
1548 418 1633 460 τῶν
1660 418 1720 460 ἐκ·

160 515 166 530 ,
227 483 389 534 Βτόξων
427 483 665 525 Λατινικῶν
701 483 783 524 τῶν
819 483 1050 536 λεγομένων
1093 482 1309 536 τζαγγρῶν
1360 481 1567 538 ἀφιέντων
1603 483 1741 538 βέληόΔ

269 549 479 601 ἐσομένων
508 543 636 600 finnt»,
677 549 719 590 οἲ
745 545 914 600 ἑζιιελλον
952 545 1053 594 τούς
1091 547 1163 588 ἐπὶ
1189 547 1262 587 τοῦ
1291 545 1458 600 τείχους
1485 545 1707 600 βάλλοντες

268 612 529 655 ἀπώσεσθαι.
570 611 837 667 τελεσθείσης
881 611 926 652 δὲ
954 606 1034 666 ἤδη
1062 612 1135 666 τῆς
1161 612 1382 665 μηχανῆς,
1427 609 1500 653 καί
1538 610 1707 658 τῶντε

267 679 451 721 ὅπλιτῶν
478 677 550 718 καὶ
586 678 668 718 τῶν
697 677 767 719 ἐπὶ
805 677 861 734 τῷ
900 681 1026 718 κινεῖν
1063 674 1137 718 τὸν
1174 674 1331 729 πύργον
1358 677 1642 730 τεταγμένων,
1678 671 1706 730 ἦ

266 746 345 798 μὲν
370 738 472 797 ἄλλη
513 744 625 783 πᾶσα
650 739 826 798 στρατιά
850 742 934 783 τῶν
959 742 1149 795 σημαίων
1175 740 1388 796 ἀρθέντων
1412 739 1486 782 καί
1498 735 1581 795 mk
1607 738 1708 782 σάλ-

266 823 410 863 πιγγος
440 805 700 862 σημηνάσης,
729 805 1049 860 ἐτειχομάχουν·
1086 805 1107 848 ὅ
1132 805 1286 861 πύργος
1307 795 1353 847 δέ
1375 803 1458 847 ὑπὸ
1477 806 1562 848 τῶν
1589 803 1761 856 findo-10

265 878 343 916 θεν
381 869 603 914 ὠθούντων
632 870 894 925 κινούμενος,
932 866 999 927 ᾔει
1030 870 1188 926 βάδην,
1230 869 1287 918 ὥς
1318 872 1454 912 δοκεῖν
1477 866 1710 924 αύτὸνέμ-

269 939 448 980 πνέοντα
481 939 700 978 κινεῖσθαι.
726 933 824 977 οὐδὲ
850 934 929 991 γάρ
957 933 1115 991 ἑωρᾶτό
1141 951 1203 984 τις
1224 936 1305 977 τῶν
1333 934 1504 977 ἔνδοθεν
1525 931 1710 988 οὖδαμό..

267 1007 368 1056 θεν,
411 1000 475 1044 διὸ
505 1002 603 1043 οὐδὲ
633 1000 867 1056 βάλλεσθαι
903 999 1081 1049 δυνατὸς
1104 996 1171 1055 ἧν.
1214 998 1271 1049 ῶς
1294 1002 1340 1043 δὲ
1369 1002 1414 1043 ἐν
1437 1000 1595 1058 ἐφικτῷ
1619 998 1710 1054 ἐγέ-

268 1083 389 1112 νοντο
429 1067 505 1109 τοῦ
533 1065 739 1120 τοξεύειν,
770 1066 809 1107 οἱ
835 1067 912 1120 μὲν
942 1064 1023 1107 ἀπὸ
1052 1068 1128 1107 τοῦ
1157 1065 1321 1117 ξυλίνου
1350 1063 1507 1122 πύργου
1537 1063 1710 1119 ἔβαλλον

268 1132 365 1182 τούς
392 1129 472 1173 άπὸ
509 1133 591 1174 τῶν
619 1133 784 1185 τειχῶν·
825 1131 949 1173 αὕτοί
988 1132 1034 1173 δὲ
1072 1129 1177 1186 μήτε
1218 1147 1260 1172 τι
1299 1130 1496 1187 ἅντιδρᾷν
1533 1128 1787 1185 ἔχοντες-,ις

235 1197 346 1240 cmxc*
371 1198 456 1240 τῶν
483 1196 566 1238 ἀπὸ
597 1197 680 1238 τῶν
718 1198 932 1252 τζαγγρῶν
959 1195 1195 1252 ἀφιεμένων
1233 1197 1365 1250 βελῶν
1405 1194 1476 1237 διὰ
1513 1193 1709 1251 κραταιό-

268 1280 373 1318 τητα
402 1263 475 1304 καί
501 1261 639 1318 ῥύμην
668 1259 738 1303 διά
768 1258 921 1309 παντὸς
962 1258 1090 1302 ὅπλου
1117 1260 1354 1317 χορούντων
1380 1262 1454 1302 καί
1481 1260 1710 1312 διαδυομέ-

268 1343 376 1381 νων,
402 1324 781 1383 τραυματιζόμενοι
806 1323 879 1367 ὑπ’
905 1325 1068 1379 αὕτῶν,
1112 1325 1150 1367 οἱ
1178 1327 1224 1368 δὲ
1252 1327 1324 1367 καί
1361 1323 1709 1380 ἀποθνήσκοντες,

268 1390 419 1448 μικρὸν
443 1394 522 1446 μὲν
549 1394 845 1448 ἐκαρτέρησαν,
874 1389 1018 1433 ἔπειτα
1047 1391 1297 1446 ἀπέστησαν,
1325 1388 1530 1444 τὸ-τεῖχος
1555 1388 1710 1446 ἔρημον

269 1457 573 1507 καταλιπόντες.
616 1459 838 1511 μέλλοντος
878 1458 923 1499 δὲ
959 1454 1054 1498 ὅσον
1097 1452 1213 1498 οὔπω
1242 1458 1320 1498 τοῦ
1347 1458 1512 1508 ξυλίνου
1548 1457 1765 1511 πύργουαο

268 1529 357 1572 τοῖς
383 1523 540 1578 τείχεσι
568 1523 643 1577 τῆς
672 1520 829 1570 πόλεως
865 1521 1206 1575 συμμίγνυσθαι,
1244 1520 1431 1564 τοιοῦτόν
1455 1537 1498 1563 τι
1537 1523 1711 1576 συνέβη.

268 1587 350 1645 πρὸ
378 1589 462 1631 τῶν
498 1590 573 1643 τῆς
601 1587 758 1636 πόλεως
787 1588 939 1641 τειχῶν
977 1583 1030 1641 ἦν
1058 1589 1104 1628 ἐκ
1140 1587 1320 1628 παλαιοῦ
1348 1586 1710 1641 κατεσκευασμένη

269 1652 373 1697 στοὰ
412 1652 518 1709 πρὸς
545 1651 763 1708 ὑποδοχὴν
800 1650 986 1710 ὕδατοςῂ
1011 1651 1149 1702 ξύλοις
1186 1653 1233 1694 δὲ
1275 1653 1349 1694 καί
1383 1651 1524 1694 σανίσι
1561 1666 1709 1705 στεγα-

361 1732 392 1766 5.
419 1731 508 1764 Inde
545 1739 824 1777 tzangratoreS,
862 1731 925 1776 qui
960 1731 1223 1764 arcubalistarii
1246 1730 1412 1771 fuerunt,
1447 1740 1601 1776 quorum
1625 1740 1712 1763 usus

367 1778 407 1811 in
430 1777 538 1816 bellis
570 1783 658 1811 tunc
683 1778 855 1822 temporis
882 1777 1070 1821 plurimus.
1093 1777 1174 1811 ED.
1198 1778 1239 1814 P.
1268 1794 1284 1805 ι·

270 1842 467 1885 fabricatus
495 1846 573 1881 est,
600 1840 745 1874 domum
771 1840 947 1884 ligneam,
985 1841 1181 1885 suppositis
1216 1841 1304 1874 rotis
1330 1839 1512 1880 sedecim5
1549 1849 1711 1882 capacem

270 1887 461 1921 hominum
485 1892 628 1920 centum
648 1912 657 1927 ‚
689 1888 751 1932 qui
777 1888 874 1919 intus
900 1898 977 1919 eam
1010 1888 1266 1931 propellerent.
1316 1886 1431 1931 Supra
1461 1884 1606 1919 domum
1631 1891 1711 1919 tur-

272 1935 341 1967 rim
369 1934 525 1978 ligneam
555 1932 697 1966 addidit
735 1932 929 1965 habentem
969 1933 1131 1966 tabulata
1164 1933 1346 1978 quinque:
1383 1933 1422 1965 in
1457 1942 1609 1978 quorum
1633 1931 1711 1969 sin-

273 1980 366 2026 gulis
393 1985 473 2013 octo
506 1985 656 2020 starent,
681 1974 743 2024 q‘ui
764 1990 783 2011 e
807 1979 948 2012 Latinis
973 1979 1125 2013 arcubus
1151 1979 1308 2024 (tzangra
1321 1977 1464 2024 vocant)
1492 1978 1629 2022 sagittis
1653 1978 1711 2011 ia·-

274 2026 412 2059 ciendis
436 2031 720 2070 propugnatores
744 2037 764 2057 a
789 2036 889 2057 muro
916 2025 1091 2069 fugarent.
1142 2025 1222 2071 Qua
1239 2025 1404 2067 absoluta
1419 2036 1435 2066 ,'
1456 2028 1493 2057 et
1517 2025 1710 2069 sagittariis

273 2074 410 2118 quique
434 2072 479 2105 ad
505 2083 583 2104 eam
607 2071 891 2116 protrudendam
915 2071 1049 2105 delecti
1072 2078 1185 2113 erant,
1210 2073 1398 2116 ingressis3
1422 2070 1572 2104 sublatis
1599 2070 1710 2115 signis

272 2124 311 2152 et
338 2119 526 2173 clangente
552 2118 665 2158 tuba,
694 2123 792 2151 totus
823 2118 1001 2151 exercitus
1029 2119 1172 2151 moenia
1197 2118 1450 2163 oppugnabat:
1488 2116 1595 2150 turris
1624 2128 1710 2150 sen-

271 2166 340 2199 sim
366 2170 403 2197 et
425 2170 538 2197 instar
563 2164 725 2197 animalis
751 2163 936 2196 cuiusdam
960 2164 1203 2208 procedebat3
1236 2175 1342 2197 nemo
1368 2165 1464 2198 enim
1491 2163 1710 2197 intusdeli-

270 2211 428 2245 tentium
455 2211 530 2243 ulla
567 2222 611 2243 ex
637 2215 739 2255 parte
764 2210 976 2254 apparebat:
999 2212 1065 2244 ita
1101 2222 1168 2244 nec
1201 2212 1303 2256 tangi
1338 2210 1383 2244 de
1418 2211 1498 2243 loco
1523 2209 1710 2254 superiore

270 2261 453 2303 poterant.
505 2257 552 2289 Ut
576 2257 671 2290 intra
695 2257 761 2289 teli
788 2257 920 2289 iactum
944 2258 1066 2299 venit,
1092 2258 1154 2302 qui
1181 2259 1220 2291 in
1244 2257 1336 2290 turri
1362 2261 1485 2296 erant,
1511 2256 1710 2300 oppidanos

275 2303 415 2348 sagittis
440 2307 620 2347 appetere.
669 2303 700 2335 Ii
723 2303 924 2335 nescientes
955 2303 1044 2348 quid
1079 2309 1202 2337 contra
1236 2303 1459 2349 inciperent,
1494 2312 1535 2334 ac
1559 2306 1614 2335 tot
1635 2302 1711 2339 tela

274 2355 424 2395 propter
454 2359 625 2381 summam
648 2350 721 2382 vim
746 2354 855 2393 atque
885 2350 1063 2394 impetum
1086 2361 1181 2383 arma
1205 2350 1350 2394 quaevis
1385 2348 1636 2394 penetrantia,
1669 2349 1711 2382 in

274 2396 507 2440 mediumque
533 2406 660 2439 corpus
688 2394 882 2428 subeuntia
906 2396 1125 2438 excipientes
1141 2421 1150 2437 ‚
1183 2396 1317 2441 partim
1354 2393 1563 2428 moribundi
1589 2395 1713 2428 conci-

277 2441 385 2483 dere,
422 2441 551 2486 partim
575 2441 754 2474 vulnerati
778 2447 922 2474 restare.
971 2441 1047 2474 Nec
1083 2442 1146 2475 diu
1184 2446 1360 2475 restantes
1401 2438 1619 2474 stationibus
1645 2439 1712 2474 de-

276 2487 406 2533 cedere
440 2498 480 2520 ae
510 2488 655 2520 moenia
680 2487 865 2530 deserere3
928 2487 1036 2520 uibus
1062 2499 1142 2521 cum
1174 2488 1283 2521 turris
1310 2487 1452 2520 iamiam
1487 2484 1711 2521 admovenda

277 2539 392 2574 esset,
429 2545 486 2567 res
509 2533 671 2566 miranda
695 2534 855 2577 contigit.
936 2539 998 2567 nte
1027 2534 1152 2567 'urbem
1180 2534 1382 2580 antiquitus
1415 2533 1570 2566 cisterna
1596 2544 1711 2578 aquae

277 2580 509 2626 recipiendae
530 2579 675 2613 condita
699 2585 736 2612 et
759 2580 867 2624 lignis
891 2579 1101 2625 tabulisque
1127 2585 1297 2625 cooperta
1325 2579 1497 2624 paulatim
1511 2604 1522 2620 ,
1538 2589 1588 2619 ,eo
1615 2585 1713 2613 terra

278 2627 523 2667 accumulata,
552 2636 724 2671 apparere
755 2625 933 2668 desierat3
961 2630 998 2659 et
1023 2627 1095 2659 iam
1118 2626 1260 2671 pridem
1281 2626 1479 2660 incolarum
1502 2635 1607 2658 nemo
1633 2626 1711 2660 eius
1760 2651 1762 2654 ψ

282 2673 395 2708 ullam
431 2672 599 2708 notitiam
630 2671 799 2707 habebat.
847 2671 991 2717 Asseres
1022 2672 1082 2707 iui
1114 2683 1236 2708 currus
1266 2676 1304 2706 et
1344 2671 1527 2719 quidquid
1560 2682 1711 2720 onerum
