1832 3132
355 68 391 134 4
404 88 420 120 ι
437 88 464 121 2
882 82 1249 128 CANTACUZENJ

160 189 343 237 A.C.1329
353 182 462 240 εἶχεν
483 187 678 239 ἐπαινεῖν,
706 185 797 227 ἄλλ’
814 180 957 241 ᾐτιᾶτο
983 188 1105 229 τοῦτο
1123 188 1326 241 μόνονάἳς
1348 190 1397 232 οὖ
1415 191 1774 247 διαπεπραγμένον

350 252 538 299 συνετῶς.
563 251 727 304 βέλτιον
751 247 830 306 γὰρ
861 247 964 292 εἶναι
987 251 1243 309 Συργιάννην
1269 253 1342 303 ἐπὶ
1368 256 1445 303 τοῦ
1468 257 1672 312 προτέρου
1695 259 1775 311 μέ-

347 331 429 358 νειν
456 314 668 370 σχήματος
693 315 765 357 καί
788 315 846 371 μὴ
877 315 985 376 πρὸς
1014 319 1161 359 κακίαν
1189 317 1416 376 ἐναγούσης
1441 315 1774 378 ὕληςεῦπορεῖν.

346 380 368 422 ὁ
398 381 438 421 δ’
462 380 667 433 ,,οὕκοῧν”
692 379 871 438 ἔφασκεν
895 380 970 435 »εἴ
985 397 1050 423 σοι
1070 383 1234 436 βέλτιον
1261 384 1400 441 δοκοίη
1415 417 1426 439 ,
1454 375 1676 443 γροξμμασι
1695 375 1774 442 μέν

343 443 474 488 αὗτὸν
501 445 575 501 τῆς
604 441 781 503 ἑσπέρας
803 443 1036 503 ’παραλύσω
1065 448 1140 503 τῆς
1166 444 1342 504 ἆρχῆς·’
1365 443 1439 493 ἐπὶ
1472 448 1642 501 δὲἰτῶᾱ
1669 454 1799 508 προ-5

350 511 477 566 τέρων
503 509 628 553 πάλιν
656 511 940 567 καταστήσω.”
969 513 1264 564 ἐπαινέσαντος
1291 515 1338 556 δὲ
1364 515 1441 557 τοῦ
1477 517 1709 570 βασιλέως,
1748 515 1774 558 ὅ

306 578 421 628 Βμὲν
457 574 608 630 ἐχώρει
643 575 746 632 πρὸς
784 576 831 619 τὸ
861 576 913 620 τὰ
940 579 1234 632 κεκελευσμένοι
1261 580 1502 637 ἐκπληροῦν.
1541 585 1774 638 μεταμελη-

307 637 311 641 ’
343 639 435 690 θεῖς
463 642 509 682 δὲ
536 640 557 683 ὃ
583 641 780 695 βασιλεύς
816 643 980 685 ἐκέλευέ
1016 659 1062 685 τε
1099 640 1377 700 οἷναστρέφειν
1409 643 1484 689 καὶ
1514 644 1773 707 Συργιάννην

343 707 415 763 ε’ᾷν
443 708 510 768 ἐφ’
537 701 588 762 ἧς
614 708 806 749 ἐτέτακτο
830 708 987 764 ἀρχῆς,
1016 708 1072 759 ὥς
1091 705 1141 750 οὕ
1165 708 1322 751 δίκαιον
1351 703 1398 752 ὃν
1425 709 1524 757 οὐδὲ
1548 710 1646 762 καθ’
1670 710 1777 766 ἧδοτ,

343 769 418 827 νῆν
445 771 560 829 αὐτῷ
586 773 666 814 τῶν
689 766 826 814 ἄλλων
845 772 1010 825 πάντων
1033 771 1062 815 ἅ
1081 774 1194 830 αὐτῷ
1215 774 1446 829 πέπρακται
1471 776 1789 832 στεργομένων,,ι

342 837 501 892 ταύτην
526 835 659 892 μόνην
686 835 759 892 τὴν
786 839 934 894 πρᾶξιν
963 833 1117 893 ἄκυρον
1145 837 1342 896 ὄφθῆναι.
1370 837 1391 882 ὁ
1419 842 1457 882 δ’
1483 839 1672 884 &naresve
1701 841 1771 882 εὕ-

341 902 453 952 θύς·
490 904 574 944 τῶν
600 901 815 960 παρόντων
845 905 892 945 δὲ
919 905 1010 947 ἐκεῖ
1029 920 1138 954 τινες
1166 902 1308 961 κρύφα
1335 905 1567 964 Συργιάννῃ
1594 904 1770 962 ἐδήλουν

340 966 481 1024 γραφῇ
507 967 564 1016 ὥς
588 966 812 1023 βουληθείη
841 970 919 1022 μὲν
945 968 967 1011 ὅ
994 970 1124 1023 μέγας
1161 971 1403 1023 δομέστικος
1429 972 1672 1025 παραλῦσαι
1688 971 1771 1026 ’τῆς

340 1028 487 1088 ἀρχῆς,
514 1032 744 1087 μεταγνοὺς
770 1030 835 1076 ὅτι
861 1035 1084 1090 ἐνεχείρισε
1111 1034 1186 1077 καί
1205 1034 1279 1090 τὴν
1303 1030 1452 1091 ἆρχῆν,
1481 1035 1692 1091 κωλυθείη
1720 1037 1769 1077 δὲ

338 1093 421 1138 ὑπὸ
449 1099 673 1150 βασιλέως·
702 1096 798 1152 καί,
826 1098 872 1141 τὸ
898 1101 978 1152 μὲν
1000 1099 1060 1148 εἷς
1085 1101 1240 1142 ἐκεῖνον
1267 1095 1391 1156 ἧκον,
1417 1095 1499 1157 ἤδη
1525 1101 1608 1157 τῆς,
1629 1097 1819 1158 ἆρχῆςιό

342 1164 639 1220 ἐκβεβλημένον
666 1160 771 1205 εἶναι
784 1197 797 1217 ,
826 1166 995 1218 βασιλεῖ
1017 1165 1062 1207 δὲ
1091 1161 1270 1221 ὀφείλειν
1298 1166 1477 1222 χάριτας
1505 1164 1768 1212 κεκωλυκότι.

304 1229 518 1278 (Στοιαῦτα
542 1227 777 1281 πυθόμενος
806 1227 828 1270 ὅ
854 1229 1129 1286 Συργιάννης,
1157 1231 1240 1272 τῶν
1255 1232 1332 1283 μὲν
1359 1230 1633 1287 ὑπηργμένων
1654 1231 1773 1289 αὐτῷ

341 1291 458 1349 παρὰ
499 1295 577 1334 τοῦ
619 1291 800 1348 μεγάλου
846 1296 1088 1348 δομεστίκου
1126 1292 1414 1351 ἠμνημόνησεν
1458 1296 1654 1351 οἷγαθῶν,
1698 1297 1779 1347 διὰ.

341 1360 474 1400 ταῦτα
504 1359 570 1410 δὲ,
598 1357 733 1399 καίτοι
759 1374 804 1412 γε
833 1356 908 1401 οὐκ
937 1354 1032 1402 ὅντα
1061 1356 1220 1415 α’ληθῆ,
1250 1359 1349 1417 ὄργῇ
1377 1361 1603 1417 φερόμενος
1631 1361 1771 1417 εἰργά-

341 1437 444 1465 σατο
472 1422 500 1464 ἃ
530 1423 704 1478 δηλώσει
733 1423 888 1480 προϊών
931 1423 954 1466 ὅ
981 1425 1112 1479 λόγος.
1139 1425 1232 1467 τότε
1260 1426 1306 1466 δὲ
1337 1425 1475 1468 πάντα
1502 1426 1795 1480 ἀπαγγέλλωνα

341 1487 366 1531 ὅ
389 1490 520 1543 μέγας
559 1490 794 1542 δομέστικος
830 1493 1022 1544 βασιλεῖ’,
1061 1490 1133 1532 καί
1158 1488 1255 1547 περὶ
1282 1490 1482 1533 δεσπότου
1507 1493 1583 1533 τοῦ
1608 1491 1771 1534 Καλλί-

340 1569 439 1597 στου
469 1555 668 1609 διηγεῖτο,
707 1553 764 1604 ὥς
791 1557 976 1610 κινηθείη
1002 1556 1081 1608 μὲν
1102 1555 1142 1611 ,ἦ
1171 1554 1344 1611 στρατιᾶ
1376 1558 1466 1598 κατ’
1493 1551 1648 1609 mimi,
1684 1556 1770 1598 δεί-

339 1635 486 1668 σαντες
510 1618 567 1676 μὴ
595 1620 670 1662 τοῦ
708 1621 989 1677 δεσμωτηρίου
1019 1618 1196 1677 διαδράς
1232 1620 1339 1675 μετὰ
1368 1619 1444 1675 τὴν
1469 1619 1548 1678 σὴν
1574 1620 1768 1677 τελευτήν

335 1769 512 1810 misisset,
547 1768 586 1803 id
608 1768 755 1803 laudare
780 1780 854 1803 non
877 1768 998 1814 potuit
1020 1773 1129 1815 atque
1160 1768 1230 1803 hoe
1258 1769 1374 1803 solum
1403 1772 1444 1802 ut
1466 1770 1584 1803 minus
1603 1768 1767 1814 pruden-

335 1820 392 1849 ter
429 1816 559 1849 factum
594 1815 844 1860 reprehendit:
882 1820 1062 1860 praestare
1099 1815 1217 1856 enim,
1252 1815 1484 1861 Syrgiannem
1518 1817 1560 1849 in
1583 1827 1646 1848 sua
1667 1816 1766 1860 pelle

336 1862 602 1907 quiescentem,
643 1862 809 1895 idoneam
841 1862 1050 1895 facultatem
1085 1861 1131 1895 ad
1161 1862 1326 1904 improbe
1368 1862 1544 1907 agendum
1578 1873 1764 1908 nunquam

335 1907 500 1952 adipisci.
546 1909 638 1942 Tum
662 1908 895 1942 domesticus:
945 1908 983 1941 Si
1006 1907 1096 1942 haec
1108 1913 1169 1942 tua
1190 1919 1289 1942 mens
1304 1913 1370 1950 est,
1394 1907 1487 1942 datis
1504 1908 1635 1942 litteris
1656 1919 1764 1952 prae-

335 1955 509 1988 fecturam
540 1954 736 1988 occidentis
768 1953 802 1987 ei
833 1953 986 1987 adimam
1019 1959 1056 1988 et
1086 1955 1125 1988 in
1173 1954 1336 1988 ordinem
1371 1953 1538 2000 redigam.
1583 1953 1764 1989 probante

335 2001 548 2044 imperatore
564 2026 573 2042 ‚
596 2001 660 2034 ille
685 2005 726 2033 ut
751 2001 848 2033 iussa
873 2001 1120 2042 confecturus,
1144 2000 1288 2044 abibat3
1313 2011 1395 2034 cum
1417 2001 1611 2044 imperator
1628 2000 1763 2034 factum

332 2053 495 2087 mutans,
520 2047 711 2080 abeuntem
731 2052 873 2081 revocat
892 2053 927 2080 et
941 2047 1129 2092 Syrgianni
1152 2047 1357 2081 mandatam
1370 2047 1630 2091 praefecturam
1647 2047 1763 2080 relin-

335 2093 398 2137 qui
434 2092 556 2126 iubet:
591 2092 688 2138 quod
707 2104 774 2127 nec
800 2105 979 2139 aequum,
1010 2105 1078 2127 nec
1110 2093 1182 2127 sibi
1211 2092 1407 2127 iucundum
1423 2093 1490 2135 sit,
1515 2098 1634 2127 cetera
1660 2093 1763 2134 eius,

334 2138 522 2173 domestici
557 2140 725 2185 inquam,
764 2145 842 2173 acta
879 2140 1103 2173 confirmasse
1130 2140 1274 2181 omnia,
1309 2139 1380 2173 hoc
1410 2139 1527 2174 solum
1562 2138 1764 2173 rescidisse·

333 2184 627 2230 Obtemperatum
659 2185 789 2218 subito.
849 2186 981 2219 Verum
1014 2197 1057 2219 ex
1095 2185 1141 2219 iis
1171 2186 1236 2231 qui
1269 2185 1439 2226 aderant,
1471 2185 1639 2220 nonnulli
1670 2185 1762 2218 clam

333 2231 518 2275 Syrgianni
543 2232 724 2273 scribunt,
759 2242 925 2276 magnum
949 2232 1182 2266 domesticum
1206 2237 1319 2265 semet
1341 2243 1528 2272 accusare,
1564 2236 1601 2266 et
1625 2230 1760 2276 absque

332 2277 547 2320 imperatore
572 2278 710 2318 fuisset,
737 2277 903 2311 traditam
928 2279 1186 2323 praefecturam
1201 2278 1257 2311 illi
1270 2278 1428 2312 adimere
1448 2278 1613 2312 voluisse.
1640 2277 1761 2322 Quare

334 2323 432 2368 quod
457 2322 502 2357 ad
525 2325 642 2368 ipsum
666 2325 858 2365 attineret,
892 2324 1103 2369 Syrgiannes
1129 2326 1199 2358 iam
1224 2324 1398 2369 dignitate
1428 2335 1493 2357 sua
1515 2335 1553 2357 se
1577 2322 1760 2357 deiectum

333 2370 450 2403 sciret.
499 2371 709 2415 Imperatori
737 2372 863 2415 gratias
889 2370 1042 2413 debere,
1060 2373 1123 2417 qui
1148 2371 1187 2405 id
1215 2369 1472 2415 impedivisset.
1519 2369 1583 2403 His
1607 2369 1758 2414 cognitis

333 2415 546 2460 Syrgiannes
570 2417 781 2449 collatorum
809 2418 847 2449 in
871 2428 908 2450 se
933 2429 953 2450 a
977 2429 1104 2463 magno
1120 2417 1315 2451 domestico
1339 2416 1596 2450 beneficiorum
1620 2426 1758 2449 memo-

334 2462 422 2495 riam
448 2461 625 2507 deposuit,
654 2468 762 2509 atque
788 2462 832 2497 ob
859 2475 918 2504 ea,
974 2475 1164 2509 uamquam
1188 2463 1276 2496 falsa
1300 2467 1426 2501 erant,
1451 2463 1505 2496 ira
1530 2462 1758 2495 transversim
1786 2483 1790 2488 ·

333 2513 431 2541 actus
459 2509 697 2553 perpetravit,
723 2520 813 2553 quae
838 2476 1034 2553 procedens
1069 2511 1226 2543 narratio
1263 2508 1472 2546 declarabit.
1517 2508 1610 2541 Dum
1636 2509 1758 2540 omnia

333 2555 539 2597 imperatori
565 2560 726 2588 recenset
752 2567 896 2600 magnus
931 2556 1167 2596 domesticus,
1204 2556 1314 2588 etiam
1348 2554 1392 2593 de
1431 2553 1580 2598 despota
1604 2549 1759 2593 Callisto

333 2601 473 2634 inficit:
506 2612 632 2645 nempe
656 2607 696 2634 ut
719 2602 852 2634 milites
878 2603 916 2634 iu
941 2602 1043 2634 illum
1067 2603 1347 2641 insurrexerint,
1373 2599 1470 2646 quod
1493 2602 1755 2639 tirnerent„ne

334 2659 353 2680 e
388 2646 548 2682 custodia
576 2647 768 2693 fugitivus,
803 2649 1016 2693 imperatore
1056 2648 1225 2683 defuncto
1256 2659 1310 2683 res
1344 2658 1452 2686 novas
1479 2647 1691 2689 moliretur3
1720 2650 1758 2679 et
