<?xml version="1.0" encoding="UTF-8"?>
<!DOCTYPE html PUBLIC "-//W3C//DTD XHTML 1.0 Transitional//EN"
    "http://www.w3.org/TR/xhtml1/DTD/xhtml1-transitional.dtd">
<html xmlns="http://www.w3.org/1999/xhtml" xml:lang="en" lang="en">
 <head>
  <title>
</title>
<meta http-equiv="Content-Type" content="text/html;charset=utf-8" />
  <meta name='ocr-system' content='tesseract 3.04.00' />
  <meta name='ocr-capabilities' content='ocr_page ocr_carea ocr_par ocr_line ocrx_word'/>
</head>
<body>
  <div class='ocr_page' id='page_1' title='image "./corpusscriptorum23niebuoft_0027.png"; bbox 0 0 1728 3158; ppageno 0'>
   <div class='ocr_carea' id='block_1_1' title="bbox 0 190 103 1389">
    <p class='ocr_par' dir='ltr' id='par_1_1' title="bbox 0 190 103 1389">
     <span class='ocr_line' id='line_1_1' title="bbox 0 190 98 380; baseline 0 -120"><span class='ocrx_word' id='word_1_1' title='bbox 0 190 98 380; x_wconf 95' lang='lat' dir='ltr'><strong>   </strong></span> 
     </span>
     <span class='ocr_line' id='line_1_2' title="bbox 0 380 103 523; baseline 0 -54"><span class='ocrx_word' id='word_1_2' title='bbox 0 380 103 523; x_wconf 95' lang='lat' dir='ltr'><strong>   </strong></span> 
     </span>
     <span class='ocr_line' id='line_1_3' title="bbox 0 523 81 653; baseline 0 -67"><span class='ocrx_word' id='word_1_3' title='bbox 0 523 81 653; x_wconf 95' lang='lat' dir='ltr'><strong>   </strong></span> 
     </span>
     <span class='ocr_line' id='line_1_4' title="bbox 0 653 35 1389; baseline 0 -595"><span class='ocrx_word' id='word_1_4' title='bbox 0 653 35 1389; x_wconf 95' lang='lat' dir='ltr'><strong>   </strong></span> 
     </span>
    </p>
   </div>
   <div class='ocr_carea' id='block_1_2' title="bbox 679 124 1562 189">
    <p class='ocr_par' dir='ltr' id='par_1_2' title="bbox 679 124 1562 189">
     <span class='ocr_line' id='line_1_5' title="bbox 679 124 1562 189; baseline 0.002 -23"><span class='ocrx_word' id='word_1_5' title='bbox 679 124 1001 166; x_wconf 67' lang='grc' dir='ltr'><strong>ΡΜΕΕΑΤΙΟ.</strong></span> <span class='ocrx_word' id='word_1_6' title='bbox 1088 156 1109 189; x_wconf 42' lang='lat'><strong>.*</strong></span> <span class='ocrx_word' id='word_1_7' title='bbox 1472 129 1562 168; x_wconf 66' lang='lat' dir='ltr'><strong>xm</strong></span> 
     </span>
    </p>
   </div>
   <div class='ocr_carea' id='block_1_3' title="bbox 29 220 1563 1682">
    <p class='ocr_par' dir='ltr' id='par_1_3' title="bbox 27 220 1563 1615">
     <span class='ocr_line' id='line_1_6' title="bbox 42 220 1563 292; baseline -0.002 -10"><span class='ocrx_word' id='word_1_8' title='bbox 42 220 45 263; x_wconf 31' lang='lat' dir='ltr'><strong><em>s</em></strong></span> <span class='ocrx_word' id='word_1_9' title='bbox 86 224 106 266; x_wconf 47' lang='grc' dir='ltr'><strong>ῘῙ</strong></span> <span class='ocrx_word' id='word_1_10' title='bbox 120 224 344 288; x_wconf 48' lang='lat' dir='ltr'><strong>finituma,</strong></span> <span class='ocrx_word' id='word_1_11' title='bbox 400 235 596 290; x_wconf 82' lang='lat' dir='ltr'>Origenes</span> <span class='ocrx_word' id='word_1_12' title='bbox 635 243 675 276; x_wconf 87' lang='lat' dir='ltr'><strong>et</strong></span> <span class='ocrx_word' id='word_1_13' title='bbox 702 235 975 279; x_wconf 81' lang='lat' dir='ltr'><strong>Tertullianus</strong></span> <span class='ocrx_word' id='word_1_14' title='bbox 1018 237 1155 292; x_wconf 85' lang='lat' dir='ltr'><strong>quales</strong></span> <span class='ocrx_word' id='word_1_15' title='bbox 1171 238 1345 279; x_wconf 86' lang='lat' dir='ltr'><strong>tandem</strong></span> <span class='ocrx_word' id='word_1_16' title='bbox 1375 239 1563 279; x_wconf 77' lang='lat' dir='ltr'><strong>fuerunt?</strong></span> 
     </span>
     <span class='ocr_line' id='line_1_7' title="bbox 64 290 1562 357; baseline 0.001 -14"><span class='ocrx_word' id='word_1_17' title='bbox 64 290 265 357; x_wconf 61' lang='lat' dir='ltr'><strong>2J³Nonne</strong></span> <span class='ocrx_word' id='word_1_18' title='bbox 301 315 442 343; x_wconf 86' lang='lat' dir='ltr'><strong>eorum</strong></span> <span class='ocrx_word' id='word_1_19' title='bbox 486 301 671 342; x_wconf 85' lang='lat' dir='ltr'><strong>haereses</strong></span> <span class='ocrx_word' id='word_1_20' title='bbox 717 306 882 343; x_wconf 81' lang='lat' dir='ltr'><strong>extant?</strong></span> <span class='ocrx_word' id='word_1_21' title='bbox 957 304 1164 345; x_wconf 83' lang='lat' dir='ltr'><strong>Feruntur</strong></span> <span class='ocrx_word' id='word_1_22' title='bbox 1206 305 1562 345; x_wconf 83' lang='lat' dir='ltr'><strong>demonstrationes</strong></span> 
     </span>
     <span class='ocr_line' id='line_1_8' title="bbox 118 367 1562 426; baseline 0.002 -17.841"><span class='ocrx_word' id='word_1_23' title='bbox 118 367 371 423; x_wconf 63' lang='lat' dir='ltr'><strong>evangelicae</strong></span> <span class='ocrx_word' id='word_1_24' title='bbox 403 368 570 409; x_wconf 89' lang='lat' dir='ltr'><strong>Eusebii</strong></span> <span class='ocrx_word' id='word_1_25' title='bbox 604 368 838 423; x_wconf 88' lang='lat' dir='ltr'><strong>Pamphili,</strong></span> <span class='ocrx_word' id='word_1_26' title='bbox 878 371 922 409; x_wconf 90' lang='lat' dir='ltr'><strong>in</strong></span> <span class='ocrx_word' id='word_1_27' title='bbox 952 369 1099 423; x_wconf 86' lang='lat' dir='ltr'><strong>quibus</strong></span> <span class='ocrx_word' id='word_1_28' title='bbox 1132 379 1267 425; x_wconf 88' lang='lat' dir='ltr'><strong>aperte</strong></span> <span class='ocrx_word' id='word_1_29' title='bbox 1284 402 1296 426; x_wconf 85' lang='lat'>,</span> <span class='ocrx_word' id='word_1_30' title='bbox 1335 378 1374 412; x_wconf 90' lang='lat' dir='ltr'><strong>et</strong></span> <span class='ocrx_word' id='word_1_31' title='bbox 1406 373 1562 425; x_wconf 85' lang='lat' dir='ltr'><strong>saepius</strong></span> 
     </span>
     <span class='ocr_line' id='line_1_9' title="bbox 41 427 1563 491; baseline 0.004 -20"><span class='ocrx_word' id='word_1_32' title='bbox 41 466 43 471; x_wconf 94' lang='lat'>.</span> <span class='ocrx_word' id='word_1_33' title='bbox 66 446 89 464; x_wconf 75' lang='grc'><strong>·’</strong></span> <span class='ocrx_word' id='word_1_34' title='bbox 113 427 320 489; x_wconf 47' lang='lat' dir='ltr'><strong>&amp;mulcta</strong></span> <span class='ocrx_word' id='word_1_35' title='bbox 334 463 348 487; x_wconf 90' lang='lat'>,</span> <span class='ocrx_word' id='word_1_36' title='bbox 381 434 492 489; x_wconf 87' lang='lat' dir='ltr'><strong>quod</strong></span> <span class='ocrx_word' id='word_1_37' title='bbox 523 433 775 486; x_wconf 81' lang='lat' dir='ltr'><strong>doctissimus</strong></span> <span class='ocrx_word' id='word_1_38' title='bbox 792 434 932 475; x_wconf 90' lang='lat' dir='ltr'><strong>Billius</strong></span> <span class='ocrx_word' id='word_1_39' title='bbox 961 435 1289 476; x_wconf 88' lang='lat' dir='ltr'><strong>observationum</strong></span> <span class='ocrx_word' id='word_1_40' title='bbox 1315 437 1389 477; x_wconf 88' lang='lat' dir='ltr'><strong>lib.</strong></span> <span class='ocrx_word' id='word_1_41' title='bbox 1425 452 1459 482; x_wconf 87' lang='lat'><strong>1.</strong></span> <span class='ocrx_word' id='word_1_42' title='bbox 1473 452 1563 491; x_wconf 88' lang='lat' dir='ltr'><strong>cap.</strong></span> 
     </span>
     <span class='ocr_line' id='line_1_10' title="bbox 32 498 1561 557; baseline 0.003 -18"><span class='ocrx_word' id='word_1_43' title='bbox 32 525 41 547; x_wconf 65' lang='lat'><em>5</em></span> <span class='ocrx_word' id='word_1_44' title='bbox 60 499 84 557; x_wconf 49' lang='grc' dir='ltr'><strong>(ς’</strong></span> <span class='ocrx_word' id='word_1_45' title='bbox 97 506 99 510; x_wconf 90' lang='grc'><strong>“</strong></span> <span class='ocrx_word' id='word_1_46' title='bbox 114 498 316 555; x_wconf 52' lang='lat' dir='ltr'><strong>uffiplane</strong></span> <span class='ocrx_word' id='word_1_47' title='bbox 349 513 397 540; x_wconf 82' lang='lat' dir='ltr'><strong>ac</strong></span> <span class='ocrx_word' id='word_1_48' title='bbox 426 499 573 540; x_wconf 82' lang='lat' dir='ltr'><strong>diserte</strong></span> <span class='ocrx_word' id='word_1_49' title='bbox 604 501 791 546; x_wconf 80' lang='lat' dir='ltr'><strong>ostendit.</strong></span> <span class='ocrx_word' id='word_1_50' title='bbox 846 501 957 553; x_wconf 88' lang='lat' dir='ltr'><strong>Quid</strong></span> <span class='ocrx_word' id='word_1_51' title='bbox 982 501 1340 543; x_wconf 84' lang='lat' dir='ltr'><strong>demonstrationes</strong></span> <span class='ocrx_word' id='word_1_52' title='bbox 1359 502 1561 557; x_wconf 88' lang='lat' dir='ltr'><strong>evangeli-</strong></span> 
     </span>
     <span class='ocr_line' id='line_1_11' title="bbox 59 566 1560 624; baseline 0.001 -16.965"><span class='ocrx_word' id='word_1_53' title='bbox 59 570 85 608; x_wconf 71' lang='lat'><strong>‘.·‘</strong></span> <span class='ocrx_word' id='word_1_54' title='bbox 105 569 214 607; x_wconf 64' lang='lat' dir='ltr'><strong>&#39;cae&#39;l</strong></span> <span class='ocrx_word' id='word_1_55' title='bbox 267 566 413 608; x_wconf 84' lang='lat' dir='ltr'><strong>Statim</strong></span> <span class='ocrx_word' id='word_1_56' title='bbox 431 567 474 608; x_wconf 88' lang='lat' dir='ltr'><strong>in</strong></span> <span class='ocrx_word' id='word_1_57' title='bbox 505 570 592 621; x_wconf 88' lang='lat' dir='ltr'><strong>ipso</strong></span> <span class='ocrx_word' id='word_1_58' title='bbox 611 567 810 622; x_wconf 82' lang='lat' dir='ltr'><strong>principio</strong></span> <span class='ocrx_word' id='word_1_59' title='bbox 839 567 1125 608; x_wconf 88' lang='lat' dir='ltr'><strong>ecclesiasticae</strong></span> <span class='ocrx_word' id='word_1_60' title='bbox 1153 569 1238 608; x_wconf 91' lang='lat' dir='ltr'><strong>eius</strong></span> <span class='ocrx_word' id='word_1_61' title='bbox 1258 569 1448 609; x_wconf 87' lang='lat' dir='ltr'><strong>historiae</strong></span> <span class='ocrx_word' id='word_1_62' title='bbox 1467 571 1560 624; x_wconf 88' lang='lat' dir='ltr'><strong>(quo</strong></span> 
     </span>
     <span class='ocr_line' id='line_1_12' title="bbox 37 632 1560 693; baseline 0.003 -23"><span class='ocrx_word' id='word_1_63' title='bbox 37 661 78 693; x_wconf 59' lang='lat' dir='ltr'><strong>f</strong></span> <span class='ocrx_word' id='word_1_64' title='bbox 114 639 374 674; x_wconf 84' lang='lat' dir='ltr'><strong>monumento</strong></span> <span class='ocrx_word' id='word_1_65' title='bbox 401 632 504 673; x_wconf 84' lang='lat' dir='ltr'><strong>nihil</strong></span> <span class='ocrx_word' id='word_1_66' title='bbox 534 633 730 674; x_wconf 90' lang='lat' dir='ltr'><strong>habemus</strong></span> <span class='ocrx_word' id='word_1_67' title='bbox 766 634 809 674; x_wconf 90' lang='lat' dir='ltr'><strong>in</strong></span> <span class='ocrx_word' id='word_1_68' title='bbox 847 633 1053 688; x_wconf 83' lang='lat' dir='ltr'><strong>republica</strong></span> <span class='ocrx_word' id='word_1_69' title='bbox 1089 633 1317 674; x_wconf 83' lang='lat' dir='ltr'><strong>Christiana</strong></span> <span class='ocrx_word' id='word_1_70' title='bbox 1354 634 1560 688; x_wconf 89' lang='lat' dir='ltr'><strong>illustrius)</strong></span> 
     </span>
     <span class='ocr_line' id='line_1_13' title="bbox 35 694 1560 755; baseline 0.001 -14"><span class='ocrx_word' id='word_1_71' title='bbox 35 694 89 747; x_wconf 47' lang='lat' dir='ltr'><strong>&amp;ss-</strong></span> <span class='ocrx_word' id='word_1_72' title='bbox 113 695 365 740; x_wconf 79' lang='lat' dir='ltr'><strong>Arianismos</strong></span> <span class='ocrx_word' id='word_1_73' title='bbox 399 699 554 755; x_wconf 85' lang='lat' dir='ltr'><strong>aliquot</strong></span> <span class='ocrx_word' id='word_1_74' title='bbox 591 699 780 741; x_wconf 89' lang='lat' dir='ltr'><strong>observat</strong></span> <span class='ocrx_word' id='word_1_75' title='bbox 813 707 926 740; x_wconf 91' lang='lat' dir='ltr'><strong>tomo</strong></span> <span class='ocrx_word' id='word_1_76' title='bbox 959 701 1078 741; x_wconf 88' lang='lat' dir='ltr'><strong>tertio</strong></span> <span class='ocrx_word' id='word_1_77' title='bbox 1112 699 1334 740; x_wconf 83' lang='lat' dir='ltr'><strong>Annalium</strong></span> <span class='ocrx_word' id='word_1_78' title='bbox 1369 701 1560 742; x_wconf 83' lang='lat' dir='ltr'><strong>Zonaras.</strong></span> 
     </span>
     <span class='ocr_line' id='line_1_14' title="bbox 82 761 1558 819; baseline 0.002 -14.9"><span class='ocrx_word' id='word_1_79' title='bbox 82 807 83 810; x_wconf 14' lang='lat'>¹</span> <span class='ocrx_word' id='word_1_80' title='bbox 106 761 216 818; x_wconf 14' lang='lat' dir='ltr'><strong>&#39;Sunt</strong></span> <span class='ocrx_word' id='word_1_81' title='bbox 234 765 278 804; x_wconf 93' lang='lat' dir='ltr'><strong>in</strong></span> <span class='ocrx_word' id='word_1_82' title='bbox 304 766 491 806; x_wconf 88' lang='lat' dir='ltr'><strong>manibus</strong></span> <span class='ocrx_word' id='word_1_83' title='bbox 521 773 782 807; x_wconf 86' lang='lat' dir='ltr'><strong>monumenta</strong></span> <span class='ocrx_word' id='word_1_84' title='bbox 811 766 972 819; x_wconf 89' lang='lat' dir='ltr'><strong>Photii‚</strong></span> <span class='ocrx_word' id='word_1_85' title='bbox 1011 774 1104 807; x_wconf 90' lang='lat' dir='ltr'><strong>sunt</strong></span> <span class='ocrx_word' id='word_1_86' title='bbox 1135 766 1339 807; x_wconf 86' lang='lat' dir='ltr'><strong>Theodori</strong></span> <span class='ocrx_word' id='word_1_87' title='bbox 1354 766 1558 807; x_wconf 87' lang='lat' dir='ltr'><strong>Balsamo-</strong></span> 
     </span>
     <span class='ocr_line' id='line_1_15' title="bbox 31 828 1560 887; baseline 0.001 -16"><span class='ocrx_word' id='word_1_88' title='bbox 31 833 37 843; x_wconf 78' lang='lat'><strong>¹</strong></span> <span class='ocrx_word' id='word_1_89' title='bbox 59 883 60 886; x_wconf 11' lang='grc' dir='ltr'><strong>Ἴ</strong></span> <span class='ocrx_word' id='word_1_90' title='bbox 81 879 83 882; x_wconf 25' lang='lat'><em>⁴</em></span> <span class='ocrx_word' id='word_1_91' title='bbox 110 828 175 870; x_wconf 76' lang='lat' dir='ltr'><strong>nis</strong></span> <span class='ocrx_word' id='word_1_92' title='bbox 190 859 204 883; x_wconf 92' lang='lat'>,</span> <span class='ocrx_word' id='word_1_93' title='bbox 248 831 319 886; x_wconf 88' lang='lat' dir='ltr'><strong>qui</strong></span> <span class='ocrx_word' id='word_1_94' title='bbox 348 832 513 872; x_wconf 85' lang='lat' dir='ltr'><strong>Latinos</strong></span> <span class='ocrx_word' id='word_1_95' title='bbox 528 861 541 883; x_wconf 87' lang='lat'>,</span> <span class='ocrx_word' id='word_1_96' title='bbox 574 839 621 872; x_wconf 92' lang='lat' dir='ltr'><strong>ut</strong></span> <span class='ocrx_word' id='word_1_97' title='bbox 652 831 998 887; x_wconf 86' lang='lat' dir='ltr'><strong>pestilentissimus</strong></span> <span class='ocrx_word' id='word_1_98' title='bbox 1030 832 1304 872; x_wconf 89' lang='lat' dir='ltr'><strong>schismaticus</strong></span> <span class='ocrx_word' id='word_1_99' title='bbox 1318 862 1330 884; x_wconf 91' lang='lat'>‚</span> <span class='ocrx_word' id='word_1_100' title='bbox 1369 834 1560 874; x_wconf 87' lang='lat' dir='ltr'><strong>conviciis</strong></span> 
     </span>
     <span class='ocr_line' id='line_1_16' title="bbox 31 834 1558 979; baseline 0.001 -43"><span class='ocrx_word' id='word_1_101' title='bbox 31 834 90 979; x_wconf 57' lang='grc' dir='ltr'><em>Ξ</em></span> <span class='ocrx_word' id='word_1_102' title='bbox 108 895 258 951; x_wconf 77' lang='lat' dir='ltr'><strong>passim</strong></span> <span class='ocrx_word' id='word_1_103' title='bbox 277 895 439 938; x_wconf 85' lang='lat' dir='ltr'><strong>lacerat.</strong></span> <span class='ocrx_word' id='word_1_104' title='bbox 491 898 670 938; x_wconf 88' lang='lat' dir='ltr'><strong>Eosdem</strong></span> <span class='ocrx_word' id='word_1_105' title='bbox 689 899 743 938; x_wconf 93' lang='lat' dir='ltr'><strong>ob</strong></span> <span class='ocrx_word' id='word_1_106' title='bbox 761 900 1055 953; x_wconf 88' lang='lat' dir='ltr'><strong>processionem</strong></span> <span class='ocrx_word' id='word_1_107' title='bbox 1086 900 1212 938; x_wconf 90' lang='lat' dir='ltr'><strong>sancti</strong></span> <span class='ocrx_word' id='word_1_108' title='bbox 1229 899 1401 953; x_wconf 84' lang='lat' dir='ltr'><strong>Spiritus</strong></span> <span class='ocrx_word' id='word_1_109' title='bbox 1426 901 1558 953; x_wconf 88' lang='lat' dir='ltr'><strong>exagi-</strong></span> 
     </span>
     <span class='ocr_line' id='line_1_17' title="bbox 107 962 1559 1021; baseline 0.002 -17.855"><span class='ocrx_word' id='word_1_110' title='bbox 107 966 170 1015; x_wconf 64' lang='lat' dir='ltr'><strong>tat</strong></span> <span class='ocrx_word' id='word_1_111' title='bbox 185 963 307 1005; x_wconf 83' lang='lat' dir='ltr'><strong>etiam</strong></span> <span class='ocrx_word' id='word_1_112' title='bbox 330 962 477 1021; x_wconf 74' lang='lat' dir='ltr'><strong>nobilis</strong></span> <span class='ocrx_word' id='word_1_113' title='bbox 502 965 608 1005; x_wconf 89' lang='lat' dir='ltr'><strong>inter</strong></span> <span class='ocrx_word' id='word_1_114' title='bbox 624 964 832 1019; x_wconf 86' lang='lat' dir='ltr'><strong>theologos</strong></span> <span class='ocrx_word' id='word_1_115' title='bbox 855 972 989 1020; x_wconf 88' lang='lat' dir='ltr'><strong>patres</strong></span> <span class='ocrx_word' id='word_1_116' title='bbox 1008 964 1334 1019; x_wconf 87' lang='lat' dir='ltr'><strong>Theophylactus</strong></span> <span class='ocrx_word' id='word_1_117' title='bbox 1349 964 1559 1020; x_wconf 86' lang='lat' dir='ltr'><strong>Bulgariae</strong></span> 
     </span>
     <span class='ocr_line' id='line_1_18' title="bbox 48 1028 1560 1086; baseline 0.003 -19"><span class='ocrx_word' id='word_1_118' title='bbox 48 1038 62 1082; x_wconf 40' lang='grc' dir='ltr'><strong>[ζ</strong></span> <span class='ocrx_word' id='word_1_119' title='bbox 109 1028 344 1083; x_wconf 78' lang='lat' dir='ltr'><strong>episcopus,</strong></span> <span class='ocrx_word' id='word_1_120' title='bbox 383 1037 424 1070; x_wconf 86' lang='lat' dir='ltr'><strong>et</strong></span> <span class='ocrx_word' id='word_1_121' title='bbox 437 1058 451 1081; x_wconf 89' lang='lat'><strong>,</strong></span> <span class='ocrx_word' id='word_1_122' title='bbox 491 1031 604 1070; x_wconf 91' lang='lat' dir='ltr'><strong>cuius</strong></span> <span class='ocrx_word' id='word_1_123' title='bbox 625 1030 808 1071; x_wconf 90' lang='lat' dir='ltr'><strong>similiter</strong></span> <span class='ocrx_word' id='word_1_124' title='bbox 833 1045 1026 1086; x_wconf 87' lang='lat' dir='ltr'><strong>magnum</strong></span> <span class='ocrx_word' id='word_1_125' title='bbox 1054 1031 1159 1070; x_wconf 83' lang='lat' dir='ltr'><strong>inter</strong></span> <span class='ocrx_word' id='word_1_126' title='bbox 1184 1045 1317 1072; x_wconf 89' lang='lat' dir='ltr'><strong>sacros</strong></span> <span class='ocrx_word' id='word_1_127' title='bbox 1344 1033 1560 1085; x_wconf 86' lang='lat' dir='ltr'><strong>scriptores</strong></span> 
     </span>
     <span class='ocr_line' id='line_1_19' title="bbox 108 1089 1558 1151; baseline 0.003 -16.798"><span class='ocrx_word' id='word_1_128' title='bbox 108 1089 257 1135; x_wconf 72' lang='lat' dir='ltr'><strong>nomen</strong></span> <span class='ocrx_word' id='word_1_129' title='bbox 291 1102 378 1148; x_wconf 86' lang='lat' dir='ltr'><strong>est,</strong></span> <span class='ocrx_word' id='word_1_130' title='bbox 417 1096 678 1151; x_wconf 88' lang='lat' dir='ltr'><strong>Euthymius.</strong></span> <span class='ocrx_word' id='word_1_131' title='bbox 748 1097 922 1138; x_wconf 88' lang='lat' dir='ltr'><strong>Possum</strong></span> <span class='ocrx_word' id='word_1_132' title='bbox 956 1097 1088 1138; x_wconf 88' lang='lat' dir='ltr'><strong>adhuc</strong></span> <span class='ocrx_word' id='word_1_133' title='bbox 1114 1098 1324 1137; x_wconf 89' lang='lat' dir='ltr'><strong>nominare</strong></span> <span class='ocrx_word' id='word_1_134' title='bbox 1353 1096 1558 1150; x_wconf 83' lang='lat' dir='ltr'><strong>homilias,</strong></span> 
     </span>
     <span class='ocr_line' id='line_1_20' title="bbox 110 1159 1555 1218; baseline 0.003 -17.803"><span class='ocrx_word' id='word_1_135' title='bbox 110 1166 152 1200; x_wconf 84' lang='lat' dir='ltr'><strong>et</strong></span> <span class='ocrx_word' id='word_1_136' title='bbox 172 1159 252 1202; x_wconf 79' lang='lat' dir='ltr'><strong>alia</strong></span> <span class='ocrx_word' id='word_1_137' title='bbox 271 1163 420 1217; x_wconf 86' lang='lat' dir='ltr'><strong>scripta</strong></span> <span class='ocrx_word' id='word_1_138' title='bbox 446 1162 724 1204; x_wconf 88' lang='lat' dir='ltr'><strong>huiuscemodi</strong></span> <span class='ocrx_word' id='word_1_139' title='bbox 748 1163 976 1216; x_wconf 86' lang='lat' dir='ltr'><strong>hominum,</strong></span> <span class='ocrx_word' id='word_1_140' title='bbox 1012 1178 1116 1218; x_wconf 90' lang='lat' dir='ltr'><strong>quae</strong></span> <span class='ocrx_word' id='word_1_141' title='bbox 1143 1166 1185 1204; x_wconf 92' lang='lat' dir='ltr'><strong>in</strong></span> <span class='ocrx_word' id='word_1_142' title='bbox 1206 1163 1396 1204; x_wconf 89' lang='lat' dir='ltr'><strong>Latinum</strong></span> <span class='ocrx_word' id='word_1_143' title='bbox 1422 1172 1555 1205; x_wconf 88' lang='lat' dir='ltr'><strong>trans-</strong></span> 
     </span>
     <span class='ocr_line' id='line_1_21' title="bbox 106 1222 1556 1285; baseline 0.003 -18.742"><span class='ocrx_word' id='word_1_144' title='bbox 106 1222 190 1267; x_wconf 82' lang='lat' dir='ltr'><strong>lata</strong></span> <span class='ocrx_word' id='word_1_145' title='bbox 202 1225 407 1283; x_wconf 84' lang='lat' dir='ltr'><strong>leguntur,</strong></span> <span class='ocrx_word' id='word_1_146' title='bbox 447 1236 488 1269; x_wconf 89' lang='lat' dir='ltr'><strong>et</strong></span> <span class='ocrx_word' id='word_1_147' title='bbox 505 1229 557 1268; x_wconf 86' lang='lat' dir='ltr'><strong>ab</strong></span> <span class='ocrx_word' id='word_1_148' title='bbox 577 1230 743 1270; x_wconf 88' lang='lat' dir='ltr'><strong>eruditis</strong></span> <span class='ocrx_word' id='word_1_149' title='bbox 770 1230 1044 1285; x_wconf 87' lang='lat' dir='ltr'><strong>proferuntur.</strong></span> <span class='ocrx_word' id='word_1_150' title='bbox 1100 1230 1143 1270; x_wconf 84' lang='lat' dir='ltr'><strong>Si</strong></span> <span class='ocrx_word' id='word_1_151' title='bbox 1161 1245 1255 1285; x_wconf 84' lang='lat' dir='ltr'><strong>ergo</strong></span> <span class='ocrx_word' id='word_1_152' title='bbox 1274 1245 1348 1271; x_wconf 90' lang='lat' dir='ltr'><strong>nec</strong></span> <span class='ocrx_word' id='word_1_153' title='bbox 1373 1232 1556 1285; x_wconf 88' lang='lat' dir='ltr'><strong>superio-</strong></span> 
     </span>
     <span class='ocr_line' id='line_1_22' title="bbox 106 1292 1556 1347; baseline 0.003 -14"><span class='ocrx_word' id='word_1_154' title='bbox 106 1305 199 1332; x_wconf 82' lang='lat' dir='ltr'><strong>rum</strong></span> <span class='ocrx_word' id='word_1_155' title='bbox 217 1292 406 1335; x_wconf 86' lang='lat' dir='ltr'><strong>historiae</strong></span> <span class='ocrx_word' id='word_1_156' title='bbox 420 1324 432 1347; x_wconf 90' lang='lat'>‚</span> <span class='ocrx_word' id='word_1_157' title='bbox 466 1309 542 1335; x_wconf 93' lang='lat' dir='ltr'><strong>nec</strong></span> <span class='ocrx_word' id='word_1_158' title='bbox 561 1296 731 1336; x_wconf 89' lang='lat' dir='ltr'><strong>istorum</strong></span> <span class='ocrx_word' id='word_1_159' title='bbox 758 1298 1035 1337; x_wconf 88' lang='lat' dir='ltr'><strong>commentarii</strong></span> <span class='ocrx_word' id='word_1_160' title='bbox 1062 1295 1254 1337; x_wconf 86' lang='lat' dir='ltr'><strong>hactenus</strong></span> <span class='ocrx_word' id='word_1_161' title='bbox 1275 1295 1462 1337; x_wconf 89' lang='lat' dir='ltr'><strong>ecclesiae</strong></span> <span class='ocrx_word' id='word_1_162' title='bbox 1490 1299 1556 1337; x_wconf 85' lang='lat' dir='ltr'><strong>in-</strong></span> 
     </span>
     <span class='ocr_line' id='line_1_23' title="bbox 105 1359 1554 1419; baseline 0.003 -20"><span class='ocrx_word' id='word_1_163' title='bbox 105 1359 436 1419; x_wconf 79' lang='lat' dir='ltr'><strong>commodanmt:</strong></span> <span class='ocrx_word' id='word_1_164' title='bbox 467 1363 566 1416; x_wconf 91' lang='lat' dir='ltr'><strong>quin</strong></span> <span class='ocrx_word' id='word_1_165' title='bbox 583 1364 718 1417; x_wconf 82' lang='lat' dir='ltr'><strong>potius</strong></span> <span class='ocrx_word' id='word_1_166' title='bbox 736 1361 858 1417; x_wconf 90' lang='lat' dir='ltr'><strong>(quod</strong></span> <span class='ocrx_word' id='word_1_167' title='bbox 877 1377 941 1403; x_wconf 92' lang='lat' dir='ltr'><strong>res</strong></span> <span class='ocrx_word' id='word_1_168' title='bbox 959 1361 1125 1410; x_wconf 85' lang='lat' dir='ltr'><strong>clamat)</strong></span> <span class='ocrx_word' id='word_1_169' title='bbox 1146 1364 1294 1402; x_wconf 88' lang='lat' dir='ltr'><strong>mirum</strong></span> <span class='ocrx_word' id='word_1_170' title='bbox 1314 1364 1357 1402; x_wconf 91' lang='lat' dir='ltr'><strong>in</strong></span> <span class='ocrx_word' id='word_1_171' title='bbox 1387 1363 1554 1404; x_wconf 89' lang='lat' dir='ltr'><strong>modum</strong></span> 
     </span>
     <span class='ocr_line' id='line_1_24' title="bbox 105 1424 1553 1483; baseline 0.002 -17"><span class='ocrx_word' id='word_1_172' title='bbox 105 1424 441 1483; x_wconf 83' lang='lat' dir='ltr'><strong>vehementerque</strong></span> <span class='ocrx_word' id='word_1_173' title='bbox 470 1429 802 1481; x_wconf 87' lang='lat' dir='ltr'><strong>commodarunt,</strong></span> <span class='ocrx_word' id='word_1_174' title='bbox 842 1443 894 1469; x_wconf 91' lang='lat' dir='ltr'><strong>ne</strong></span> <span class='ocrx_word' id='word_1_175' title='bbox 925 1443 948 1469; x_wconf 86' lang='lat' dir='ltr'><strong>a</strong></span> <span class='ocrx_word' id='word_1_176' title='bbox 969 1428 1245 1469; x_wconf 87' lang='lat' dir='ltr'><strong>Cantacuzeno</strong></span> <span class='ocrx_word' id='word_1_177' title='bbox 1272 1429 1435 1483; x_wconf 92' lang='lat' dir='ltr'><strong>quidem</strong></span> <span class='ocrx_word' id='word_1_178' title='bbox 1465 1444 1553 1470; x_wconf 87' lang='lat' dir='ltr'><strong>ma-</strong></span> 
     </span>
     <span class='ocr_line' id='line_1_25' title="bbox 106 1491 1552 1549; baseline 0.002 -17"><span class='ocrx_word' id='word_1_179' title='bbox 106 1492 166 1546; x_wconf 82' lang='lat' dir='ltr'><strong>gis</strong></span> <span class='ocrx_word' id='word_1_180' title='bbox 183 1491 376 1533; x_wconf 82' lang='lat' dir='ltr'><strong>damnum</strong></span> <span class='ocrx_word' id='word_1_181' title='bbox 399 1493 530 1534; x_wconf 92' lang='lat' dir='ltr'><strong>ullum</strong></span> <span class='ocrx_word' id='word_1_182' title='bbox 557 1495 818 1534; x_wconf 90' lang='lat' dir='ltr'><strong>metuendum</strong></span> <span class='ocrx_word' id='word_1_183' title='bbox 834 1524 846 1547; x_wconf 88' lang='lat'>‚</span> <span class='ocrx_word' id='word_1_184' title='bbox 883 1509 1006 1549; x_wconf 91' lang='lat' dir='ltr'><strong>quam</strong></span> <span class='ocrx_word' id='word_1_185' title='bbox 1033 1495 1203 1546; x_wconf 89' lang='lat' dir='ltr'><strong>fructus,</strong></span> <span class='ocrx_word' id='word_1_186' title='bbox 1235 1497 1350 1549; x_wconf 91' lang='lat' dir='ltr'><strong>isque</strong></span> <span class='ocrx_word' id='word_1_187' title='bbox 1365 1509 1448 1535; x_wconf 89' lang='lat' dir='ltr'><strong>non</strong></span> <span class='ocrx_word' id='word_1_188' title='bbox 1467 1510 1552 1535; x_wconf 90' lang='lat' dir='ltr'><strong>me—</strong></span> 
     </span>
     <span class='ocr_line' id='line_1_26' title="bbox 105 1556 1554 1615; baseline 0.003 -18"><span class='ocrx_word' id='word_1_189' title='bbox 105 1556 252 1598; x_wconf 83' lang='lat' dir='ltr'><strong>diocris</strong></span> <span class='ocrx_word' id='word_1_190' title='bbox 266 1588 279 1611; x_wconf 88' lang='lat'>,</span> <span class='ocrx_word' id='word_1_191' title='bbox 307 1566 356 1600; x_wconf 89' lang='lat' dir='ltr'><strong>ut</strong></span> <span class='ocrx_word' id='word_1_192' title='bbox 375 1573 421 1600; x_wconf 85' lang='lat' dir='ltr'><strong>ex</strong></span> <span class='ocrx_word' id='word_1_193' title='bbox 441 1560 767 1601; x_wconf 84' lang='lat' dir='ltr'><strong>antecedentibus</strong></span> <span class='ocrx_word' id='word_1_194' title='bbox 787 1562 934 1615; x_wconf 81' lang='lat' dir='ltr'><strong>patuit⁷</strong></span> <span class='ocrx_word' id='word_1_195' title='bbox 970 1561 1254 1615; x_wconf 84' lang='lat' dir='ltr'><strong>exspectandus</strong></span> <span class='ocrx_word' id='word_1_196' title='bbox 1275 1569 1346 1602; x_wconf 89' lang='lat' dir='ltr'><strong>est.</strong></span> <span class='ocrx_word' id='word_1_197' title='bbox 1401 1562 1554 1602; x_wconf 85' lang='lat' dir='ltr'><strong>Rerum</strong></span> 
     </span>
    </p>

    <p class='ocr_par' dir='ltr' id='par_1_4' title="bbox 29 1626 1554 1682">
     <span class='ocr_line' id='line_1_27' title="bbox 29 1626 1554 1682; baseline 0.002 -18"><span class='ocrx_word' id='word_1_198' title='bbox 29 1674 35 1679; x_wconf 24' lang='lat' dir='ltr'><strong>q</strong></span> <span class='ocrx_word' id='word_1_199' title='bbox 103 1631 307 1679; x_wconf 64' lang='lat' dir='ltr'><strong>gestarum</strong></span> <span class='ocrx_word' id='word_1_200' title='bbox 354 1639 400 1666; x_wconf 86' lang='lat' dir='ltr'><strong>ac</strong></span> <span class='ocrx_word' id='word_1_201' title='bbox 429 1627 696 1667; x_wconf 86' lang='lat' dir='ltr'><strong>vetustiorum</strong></span> <span class='ocrx_word' id='word_1_202' title='bbox 739 1633 969 1681; x_wconf 88' lang='lat' dir='ltr'><strong>temporum</strong></span> <span class='ocrx_word' id='word_1_203' title='bbox 1012 1626 1152 1666; x_wconf 89' lang='lat' dir='ltr'><strong>utilem</strong></span> <span class='ocrx_word' id='word_1_204' title='bbox 1166 1656 1178 1678; x_wconf 87' lang='lat'>‚</span> <span class='ocrx_word' id='word_1_205' title='bbox 1211 1629 1554 1682; x_wconf 86' lang='lat' dir='ltr'><strong>necessariamque</strong></span> 
     </span>
    </p>
   </div>
   <div class='ocr_carea' id='block_1_4' title="bbox 106 1691 1553 1747">
    <p class='ocr_par' dir='ltr' id='par_1_5' title="bbox 106 1691 1553 1747">
     <span class='ocr_line' id='line_1_28' title="bbox 106 1691 1553 1747; baseline 0.002 -18"><span class='ocrx_word' id='word_1_206' title='bbox 106 1691 376 1744; x_wconf 83' lang='lat' dir='ltr'><strong>cognitionem</strong></span> <span class='ocrx_word' id='word_1_207' title='bbox 415 1694 694 1746; x_wconf 89' lang='lat' dir='ltr'><strong>persequimur</strong></span> <span class='ocrx_word' id='word_1_208' title='bbox 723 1699 762 1732; x_wconf 89' lang='lat' dir='ltr'><strong>et</strong></span> <span class='ocrx_word' id='word_1_209' title='bbox 792 1693 1059 1747; x_wconf 83' lang='lat' dir='ltr'><strong>inquirimus:</strong></span> <span class='ocrx_word' id='word_1_210' title='bbox 1099 1695 1132 1732; x_wconf 91' lang='lat' dir='ltr'><strong>si</strong></span> <span class='ocrx_word' id='word_1_211' title='bbox 1161 1693 1259 1747; x_wconf 92' lang='lat' dir='ltr'><strong>quid</strong></span> <span class='ocrx_word' id='word_1_212' title='bbox 1289 1693 1491 1733; x_wconf 88' lang='lat' dir='ltr'><strong>interdum</strong></span> <span class='ocrx_word' id='word_1_213' title='bbox 1510 1695 1553 1732; x_wconf 90' lang='lat' dir='ltr'><strong>in</strong></span> 
     </span>
    </p>
   </div>
   <div class='ocr_carea' id='block_1_5' title="bbox 99 1756 1556 2671">
    <p class='ocr_par' dir='ltr' id='par_1_6' title="bbox 99 1756 1556 2671">
     <span class='ocr_line' id='line_1_29' title="bbox 102 1756 1556 1812; baseline 0.002 -17"><span class='ocrx_word' id='word_1_214' title='bbox 102 1756 152 1795; x_wconf 90' lang='lat' dir='ltr'><strong>iis</strong></span> <span class='ocrx_word' id='word_1_215' title='bbox 172 1757 306 1796; x_wconf 89' lang='lat' dir='ltr'><strong>minus</strong></span> <span class='ocrx_word' id='word_1_216' title='bbox 333 1758 651 1797; x_wconf 85' lang='lat' dir='ltr'><strong>commendabile</strong></span> <span class='ocrx_word' id='word_1_217' title='bbox 679 1760 903 1812; x_wconf 84' lang='lat' dir='ltr'><strong>aspergitur</strong></span> <span class='ocrx_word' id='word_1_218' title='bbox 921 1788 933 1812; x_wconf 84' lang='lat'>‚</span> <span class='ocrx_word' id='word_1_219' title='bbox 964 1759 1007 1797; x_wconf 89' lang='lat' dir='ltr'><strong>id</strong></span> <span class='ocrx_word' id='word_1_220' title='bbox 1036 1765 1122 1798; x_wconf 87' lang='lat' dir='ltr'><strong>tota</strong></span> <span class='ocrx_word' id='word_1_221' title='bbox 1146 1767 1281 1798; x_wconf 86' lang='lat' dir='ltr'><strong>mente</strong></span> <span class='ocrx_word' id='word_1_222' title='bbox 1320 1773 1556 1799; x_wconf 83' lang='lat' dir='ltr'><strong>aversamur</strong></span> 
     </span>
     <span class='ocr_line' id='line_1_30' title="bbox 103 1821 1555 1876; baseline 0.002 -16"><span class='ocrx_word' id='word_1_223' title='bbox 103 1827 225 1875; x_wconf 86' lang='lat' dir='ltr'><strong>atque</strong></span> <span class='ocrx_word' id='word_1_224' title='bbox 242 1823 469 1863; x_wconf 90' lang='lat' dir='ltr'><strong>reiicimus:</strong></span> <span class='ocrx_word' id='word_1_225' title='bbox 510 1830 550 1863; x_wconf 83' lang='lat' dir='ltr'><strong>et</strong></span> <span class='ocrx_word' id='word_1_226' title='bbox 581 1821 736 1863; x_wconf 88' lang='lat' dir='ltr'><strong>calamo</strong></span> <span class='ocrx_word' id='word_1_227' title='bbox 761 1825 881 1863; x_wconf 89' lang='lat' dir='ltr'><strong>etiam</strong></span> <span class='ocrx_word' id='word_1_228' title='bbox 895 1853 907 1875; x_wconf 87' lang='lat'>‚</span> <span class='ocrx_word' id='word_1_229' title='bbox 941 1838 1035 1863; x_wconf 91' lang='lat' dir='ltr'><strong>cum</strong></span> <span class='ocrx_word' id='word_1_230' title='bbox 1064 1831 1122 1863; x_wconf 92' lang='lat' dir='ltr'><strong>est</strong></span> <span class='ocrx_word' id='word_1_231' title='bbox 1146 1826 1300 1864; x_wconf 89' lang='lat' dir='ltr'><strong>occasio</strong></span> <span class='ocrx_word' id='word_1_232' title='bbox 1316 1854 1328 1876; x_wconf 88' lang='lat'>‚</span> <span class='ocrx_word' id='word_1_233' title='bbox 1366 1832 1555 1863; x_wconf 87' lang='lat' dir='ltr'><strong>notamus</strong></span> 
     </span>
     <span class='ocr_line' id='line_1_31' title="bbox 104 1888 1556 1942; baseline 0.001 -15"><span class='ocrx_word' id='word_1_234' title='bbox 104 1894 226 1942; x_wconf 87' lang='lat' dir='ltr'><strong>atque</strong></span> <span class='ocrx_word' id='word_1_235' title='bbox 253 1888 520 1930; x_wconf 84' lang='lat' dir='ltr'><strong>confodimus.</strong></span> <span class='ocrx_word' id='word_1_236' title='bbox 575 1889 612 1928; x_wconf 93' lang='lat' dir='ltr'>N</span> <span class='ocrx_word' id='word_1_237' title='bbox 616 1904 660 1929; x_wconf 91' lang='lat' dir='ltr'><strong>ec</strong></span> <span class='ocrx_word' id='word_1_238' title='bbox 693 1902 791 1930; x_wconf 85' lang='lat' dir='ltr'><strong>vero</strong></span> <span class='ocrx_word' id='word_1_239' title='bbox 821 1889 873 1929; x_wconf 88' lang='lat' dir='ltr'><strong>ab</strong></span> <span class='ocrx_word' id='word_1_240' title='bbox 903 1890 980 1930; x_wconf 94' lang='lat' dir='ltr'><strong>hoc</strong></span> <span class='ocrx_word' id='word_1_241' title='bbox 1007 1897 1170 1929; x_wconf 88' lang='lat' dir='ltr'><strong>auctore</strong></span> <span class='ocrx_word' id='word_1_242' title='bbox 1196 1898 1334 1930; x_wconf 89' lang='lat' dir='ltr'><strong>nostro</strong></span> <span class='ocrx_word' id='word_1_243' title='bbox 1365 1889 1556 1930; x_wconf 85' lang='lat' dir='ltr'><strong>ecclesiae</strong></span> 
     </span>
     <span class='ocr_line' id='line_1_32' title="bbox 99 1950 1551 2010; baseline 0.001 -17"><span class='ocrx_word' id='word_1_244' title='bbox 99 1950 308 1994; x_wconf 86' lang='lat' dir='ltr'><strong>Romanae</strong></span> <span class='ocrx_word' id='word_1_245' title='bbox 323 1983 336 2007; x_wconf 92' lang='lat'>,</span> <span class='ocrx_word' id='word_1_246' title='bbox 377 1961 447 1994; x_wconf 89' lang='lat' dir='ltr'><strong>aut</strong></span> <span class='ocrx_word' id='word_1_247' title='bbox 474 1955 658 1995; x_wconf 88' lang='lat' dir='ltr'><strong>Romano</strong></span> <span class='ocrx_word' id='word_1_248' title='bbox 684 1955 863 2009; x_wconf 90' lang='lat' dir='ltr'><strong>pontifici</strong></span> <span class='ocrx_word' id='word_1_249' title='bbox 884 1955 1148 1995; x_wconf 88' lang='lat' dir='ltr'><strong>contumeliae</strong></span> <span class='ocrx_word' id='word_1_250' title='bbox 1172 1955 1362 1996; x_wconf 89' lang='lat' dir='ltr'><strong>dicuntur</strong></span> <span class='ocrx_word' id='word_1_251' title='bbox 1375 1987 1388 2008; x_wconf 86' lang='lat'>,</span> <span class='ocrx_word' id='word_1_252' title='bbox 1423 1958 1551 2010; x_wconf 80' lang='lat' dir='ltr'><strong>‘quem</strong></span> 
     </span>
     <span class='ocr_line' id='line_1_33' title="bbox 99 2020 1554 2074; baseline 0.001 -15"><span class='ocrx_word' id='word_1_253' title='bbox 99 2026 274 2074; x_wconf 85' lang='lat' dir='ltr'><strong>patrem,</strong></span> <span class='ocrx_word' id='word_1_254' title='bbox 306 2021 600 2060; x_wconf 86' lang='lat' dir='ltr'><strong>sanctissimum</strong></span> <span class='ocrx_word' id='word_1_255' title='bbox 629 2020 856 2073; x_wconf 83' lang='lat' dir='ltr'><strong>dominum,</strong></span> <span class='ocrx_word' id='word_1_256' title='bbox 893 2028 966 2061; x_wconf 86' lang='lat' dir='ltr'><strong>tua</strong></span> <span class='ocrx_word' id='word_1_257' title='bbox 991 2022 1179 2061; x_wconf 87' lang='lat' dir='ltr'><strong>sanctitas</strong></span> <span class='ocrx_word' id='word_1_258' title='bbox 1193 2051 1204 2072; x_wconf 86' lang='lat'>‚</span> <span class='ocrx_word' id='word_1_259' title='bbox 1248 2029 1319 2061; x_wconf 88' lang='lat' dir='ltr'><strong>tua</strong></span> <span class='ocrx_word' id='word_1_260' title='bbox 1344 2021 1554 2061; x_wconf 85' lang='lat' dir='ltr'><strong>beatitudo</strong></span> 
     </span>
     <span class='ocr_line' id='line_1_34' title="bbox 99 2086 1551 2141; baseline 0.001 -15"><span class='ocrx_word' id='word_1_261' title='bbox 99 2093 244 2126; x_wconf 77' lang='lat' dir='ltr'><strong>vocat:</strong></span> <span class='ocrx_word' id='word_1_262' title='bbox 277 2094 317 2126; x_wconf 93' lang='lat' dir='ltr'><strong>et</strong></span> <span class='ocrx_word' id='word_1_263' title='bbox 335 2094 382 2127; x_wconf 89' lang='lat' dir='ltr'><strong>ut</strong></span> <span class='ocrx_word' id='word_1_264' title='bbox 402 2087 510 2141; x_wconf 89' lang='lat' dir='ltr'><strong>apud</strong></span> <span class='ocrx_word' id='word_1_265' title='bbox 530 2092 622 2128; x_wconf 81' lang='lat' dir='ltr'><strong>enm</strong></span> <span class='ocrx_word' id='word_1_266' title='bbox 639 2089 828 2141; x_wconf 91' lang='lat' dir='ltr'><strong>opinione</strong></span> <span class='ocrx_word' id='word_1_267' title='bbox 856 2087 963 2127; x_wconf 87' lang='lat' dir='ltr'><strong>mala</strong></span> <span class='ocrx_word' id='word_1_268' title='bbox 987 2102 1039 2127; x_wconf 92' lang='lat' dir='ltr'><strong>ne</strong></span> <span class='ocrx_word' id='word_1_269' title='bbox 1064 2088 1131 2139; x_wconf 84' lang='lat' dir='ltr'><strong>sit,</strong></span> <span class='ocrx_word' id='word_1_270' title='bbox 1163 2086 1341 2127; x_wconf 87' lang='lat' dir='ltr'><strong>elaborat</strong></span> <span class='ocrx_word' id='word_1_271' title='bbox 1361 2088 1551 2141; x_wconf 87' lang='lat' dir='ltr'><strong>(propter</strong></span> 
     </span>
     <span class='ocr_line' id='line_1_35' title="bbox 99 2150 1549 2206; baseline 0.001 -14"><span class='ocrx_word' id='word_1_272' title='bbox 99 2150 294 2192; x_wconf 87' lang='lat' dir='ltr'><strong>barbaros</strong></span> <span class='ocrx_word' id='word_1_273' title='bbox 309 2182 321 2206; x_wconf 88' lang='lat'>,</span> <span class='ocrx_word' id='word_1_274' title='bbox 353 2154 508 2193; x_wconf 90' lang='lat' dir='ltr'><strong>Turcas</strong></span> <span class='ocrx_word' id='word_1_275' title='bbox 537 2154 722 2194; x_wconf 86' lang='lat' dir='ltr'><strong>videlicet</strong></span> <span class='ocrx_word' id='word_1_276' title='bbox 737 2184 749 2205; x_wconf 87' lang='lat'>,</span> <span class='ocrx_word' id='word_1_277' title='bbox 785 2155 827 2194; x_wconf 90' lang='lat' dir='ltr'><strong>in</strong></span> <span class='ocrx_word' id='word_1_278' title='bbox 857 2153 1048 2193; x_wconf 87' lang='lat' dir='ltr'><strong>auxilium</strong></span> <span class='ocrx_word' id='word_1_279' title='bbox 1069 2155 1279 2193; x_wconf 88' lang='lat' dir='ltr'><strong>accersitos</strong></span> <span class='ocrx_word' id='word_1_280' title='bbox 1292 2183 1304 2205; x_wconf 89' lang='lat'>,</span> <span class='ocrx_word' id='word_1_281' title='bbox 1332 2161 1549 2193; x_wconf 87' lang='lat' dir='ltr'><strong>vastatam-</strong></span> 
     </span>
     <span class='ocr_line' id='line_1_36' title="bbox 99 2218 1551 2274; baseline 0.001 -16"><span class='ocrx_word' id='word_1_282' title='bbox 99 2232 180 2272; x_wconf 89' lang='lat' dir='ltr'><strong>que</strong></span> <span class='ocrx_word' id='word_1_283' title='bbox 195 2218 302 2259; x_wconf 92' lang='lat' dir='ltr'><strong>bello</strong></span> <span class='ocrx_word' id='word_1_284' title='bbox 322 2219 431 2260; x_wconf 93' lang='lat' dir='ltr'><strong>civili</strong></span> <span class='ocrx_word' id='word_1_285' title='bbox 447 2220 730 2273; x_wconf 86' lang='lat' dir='ltr'><strong>provinciam,)</strong></span> <span class='ocrx_word' id='word_1_286' title='bbox 757 2234 851 2259; x_wconf 90' lang='lat' dir='ltr'><strong>cum</strong></span> <span class='ocrx_word' id='word_1_287' title='bbox 870 2234 917 2259; x_wconf 92' lang='lat' dir='ltr'><strong>eo</strong></span> <span class='ocrx_word' id='word_1_288' title='bbox 937 2234 1049 2259; x_wconf 87' lang='lat' dir='ltr'><strong>arma</strong></span> <span class='ocrx_word' id='word_1_289' title='bbox 1068 2219 1259 2259; x_wconf 86' lang='lat' dir='ltr'><strong>adversus</strong></span> <span class='ocrx_word' id='word_1_290' title='bbox 1279 2220 1456 2259; x_wconf 85' lang='lat' dir='ltr'><strong>infideles</strong></span> <span class='ocrx_word' id='word_1_291' title='bbox 1474 2234 1551 2274; x_wconf 87' lang='lat' dir='ltr'><strong>pro</strong></span> 
     </span>
     <span class='ocr_line' id='line_1_37' title="bbox 100 2283 1549 2340; baseline 0 -16"><span class='ocrx_word' id='word_1_292' title='bbox 100 2283 229 2339; x_wconf 84' lang='lat' dir='ltr'><strong>gloria</strong></span> <span class='ocrx_word' id='word_1_293' title='bbox 258 2286 388 2325; x_wconf 91' lang='lat' dir='ltr'><strong>crucis</strong></span> <span class='ocrx_word' id='word_1_294' title='bbox 418 2285 569 2326; x_wconf 87' lang='lat' dir='ltr'><strong>Christi</strong></span> <span class='ocrx_word' id='word_1_295' title='bbox 598 2287 841 2340; x_wconf 85' lang='lat' dir='ltr'><strong>coniungere</strong></span> <span class='ocrx_word' id='word_1_296' title='bbox 871 2287 1008 2339; x_wconf 87' lang='lat' dir='ltr'><strong>cupit:</strong></span> <span class='ocrx_word' id='word_1_297' title='bbox 1056 2287 1140 2325; x_wconf 89' lang='lat' dir='ltr'><strong>eius</strong></span> <span class='ocrx_word' id='word_1_298' title='bbox 1166 2285 1438 2325; x_wconf 85' lang='lat' dir='ltr'><strong>laudationem</strong></span> <span class='ocrx_word' id='word_1_299' title='bbox 1474 2286 1549 2324; x_wconf 90' lang='lat' dir='ltr'><strong>sibi</strong></span> 
     </span>
     <span class='ocr_line' id='line_1_38' title="bbox 101 2350 1549 2406; baseline 0.001 -17"><span class='ocrx_word' id='word_1_300' title='bbox 101 2350 347 2404; x_wconf 86' lang='lat' dir='ltr'><strong>amplissimo</strong></span> <span class='ocrx_word' id='word_1_301' title='bbox 373 2351 519 2392; x_wconf 89' lang='lat' dir='ltr'><strong>honori</strong></span> <span class='ocrx_word' id='word_1_302' title='bbox 545 2351 677 2392; x_wconf 89' lang='lat' dir='ltr'><strong>ducit:</strong></span> <span class='ocrx_word' id='word_1_303' title='bbox 716 2352 866 2406; x_wconf 86' lang='lat' dir='ltr'><strong>legatos</strong></span> <span class='ocrx_word' id='word_1_304' title='bbox 893 2353 1018 2406; x_wconf 92' lang='lat' dir='ltr'><strong>ipsius</strong></span> <span class='ocrx_word' id='word_1_305' title='bbox 1043 2351 1215 2405; x_wconf 87' lang='lat' dir='ltr'><strong>benigne</strong></span> <span class='ocrx_word' id='word_1_306' title='bbox 1242 2353 1413 2406; x_wconf 85' lang='lat' dir='ltr'><strong>excipit:</strong></span> <span class='ocrx_word' id='word_1_307' title='bbox 1456 2365 1549 2391; x_wconf 87' lang='lat' dir='ltr'><strong>cum</strong></span> 
     </span>
     <span class='ocr_line' id='line_1_39' title="bbox 102 2415 1548 2471; baseline 0 -15"><span class='ocrx_word' id='word_1_308' title='bbox 102 2415 260 2468; x_wconf 90' lang='lat' dir='ltr'><strong>eodem,</strong></span> <span class='ocrx_word' id='word_1_309' title='bbox 288 2417 492 2457; x_wconf 85' lang='lat' dir='ltr'><strong>Clemente</strong></span> <span class='ocrx_word' id='word_1_310' title='bbox 514 2419 706 2457; x_wconf 90' lang='lat' dir='ltr'><strong>nimirum</strong></span> <span class='ocrx_word' id='word_1_311' title='bbox 732 2419 826 2469; x_wconf 85' lang='lat' dir='ltr'>VI.‚</span> <span class='ocrx_word' id='word_1_312' title='bbox 856 2417 907 2456; x_wconf 90' lang='lat' dir='ltr'><strong>de</strong></span> <span class='ocrx_word' id='word_1_313' title='bbox 938 2417 1092 2471; x_wconf 88' lang='lat' dir='ltr'><strong>synodo</strong></span> <span class='ocrx_word' id='word_1_314' title='bbox 1120 2416 1305 2457; x_wconf 83' lang='lat' dir='ltr'><strong>habenda</strong></span> <span class='ocrx_word' id='word_1_315' title='bbox 1321 2447 1332 2468; x_wconf 89' lang='lat'>‚</span> <span class='ocrx_word' id='word_1_316' title='bbox 1372 2417 1548 2456; x_wconf 85' lang='lat' dir='ltr'><strong>redinte-</strong></span> 
     </span>
     <span class='ocr_line' id='line_1_40' title="bbox 100 2482 1545 2537; baseline 0 -16"><span class='ocrx_word' id='word_1_317' title='bbox 100 2483 334 2537; x_wconf 79' lang='lat' dir='ltr'><strong>grandaque</strong></span> <span class='ocrx_word' id='word_1_318' title='bbox 367 2483 624 2523; x_wconf 89' lang='lat' dir='ltr'><strong>ecclesiarum</strong></span> <span class='ocrx_word' id='word_1_319' title='bbox 652 2483 867 2523; x_wconf 87' lang='lat' dir='ltr'><strong>concordia</strong></span> <span class='ocrx_word' id='word_1_320' title='bbox 898 2482 1065 2523; x_wconf 88' lang='lat' dir='ltr'><strong>sollicite</strong></span> <span class='ocrx_word' id='word_1_321' title='bbox 1102 2497 1148 2522; x_wconf 90' lang='lat' dir='ltr'><strong>ac</strong></span> <span class='ocrx_word' id='word_1_322' title='bbox 1189 2490 1418 2522; x_wconf 86' lang='lat' dir='ltr'><strong>reverenter</strong></span> <span class='ocrx_word' id='word_1_323' title='bbox 1450 2484 1545 2537; x_wconf 81' lang='lat' dir='ltr'><strong>agit.</strong></span> 
     </span>
     <span class='ocr_line' id='line_1_41' title="bbox 99 2546 1546 2603; baseline 0.001 -16"><span class='ocrx_word' id='word_1_324' title='bbox 99 2546 209 2601; x_wconf 84' lang='lat' dir='ltr'><strong>Non,</strong></span> <span class='ocrx_word' id='word_1_325' title='bbox 239 2549 403 2603; x_wconf 86' lang='lat' dir='ltr'><strong>inquam</strong></span> <span class='ocrx_word' id='word_1_326' title='bbox 419 2579 431 2602; x_wconf 81' lang='lat'>,</span> <span class='ocrx_word' id='word_1_327' title='bbox 471 2549 538 2589; x_wconf 87' lang='lat' dir='ltr'><strong>hic</strong></span> <span class='ocrx_word' id='word_1_328' title='bbox 570 2550 720 2603; x_wconf 88' lang='lat' dir='ltr'><strong>probra</strong></span> <span class='ocrx_word' id='word_1_329' title='bbox 753 2558 791 2589; x_wconf 87' lang='lat' dir='ltr'><strong>et</strong></span> <span class='ocrx_word' id='word_1_330' title='bbox 810 2548 1020 2589; x_wconf 88' lang='lat' dir='ltr'><strong>maledicta</strong></span> <span class='ocrx_word' id='word_1_331' title='bbox 1039 2550 1266 2589; x_wconf 87' lang='lat' dir='ltr'><strong>iaciuntur:</strong></span> <span class='ocrx_word' id='word_1_332' title='bbox 1301 2550 1370 2589; x_wconf 84' lang='lat' dir='ltr'><strong>scd</strong></span> <span class='ocrx_word' id='word_1_333' title='bbox 1394 2550 1546 2588; x_wconf 87' lang='lat' dir='ltr'><strong>dissen-</strong></span> 
     </span>
     <span class='ocr_line' id='line_1_42' title="bbox 100 2613 1548 2671; baseline 0.002 -19"><span class='ocrx_word' id='word_1_334' title='bbox 100 2613 158 2654; x_wconf 83' lang='lat' dir='ltr'><strong>sio</strong></span> <span class='ocrx_word' id='word_1_335' title='bbox 197 2627 242 2656; x_wconf 85' lang='lat' dir='ltr'><strong>ae</strong></span> <span class='ocrx_word' id='word_1_336' title='bbox 265 2613 473 2657; x_wconf 83' lang='lat' dir='ltr'><strong>dissidium</strong></span> <span class='ocrx_word' id='word_1_337' title='bbox 503 2615 604 2656; x_wconf 89' lang='lat' dir='ltr'><strong>illud</strong></span> <span class='ocrx_word' id='word_1_338' title='bbox 623 2631 647 2656; x_wconf 84' lang='lat' dir='ltr'><strong>a</strong></span> <span class='ocrx_word' id='word_1_339' title='bbox 665 2616 783 2657; x_wconf 85' lang='lat' dir='ltr'><strong>nobis</strong></span> <span class='ocrx_word' id='word_1_340' title='bbox 797 2616 977 2671; x_wconf 81' lang='lat' dir='ltr'><strong>Latinis,</strong></span> <span class='ocrx_word' id='word_1_341' title='bbox 999 2617 1079 2656; x_wconf 88' lang='lat' dir='ltr'><strong>iam</strong></span> <span class='ocrx_word' id='word_1_342' title='bbox 1110 2614 1227 2671; x_wconf 83' lang='lat' dir='ltr'><strong>lippis</strong></span> <span class='ocrx_word' id='word_1_343' title='bbox 1253 2624 1290 2655; x_wconf 84' lang='lat' dir='ltr'><strong>et</strong></span> <span class='ocrx_word' id='word_1_344' title='bbox 1319 2615 1548 2656; x_wconf 85' lang='lat' dir='ltr'><strong>tonsoribus</strong></span> 
     </span>
    </p>
   </div>
  </div>
 </body>
</html>
