1832 3138
309 87 384 143 90
839 82 1208 128 cANrActhEm

95 196 289 234 ,VA.C.1321
305 188 438 241 μένας
469 183 701 236 ὖπανοίξας
731 187 876 239 πύλας,
904 186 963 236 ὦς
989 185 1089 243 πρὸς
1116 187 1252 244 θήραν
1273 188 1404 242 δῆθεν
1431 187 1454 231 ὅ
1481 190 1572 239 νέος
1597 189 1744 246 δξῆλθξτ

301 250 523 304 βασιλεὺς,
567 249 731 304 ὄλίγους
766 250 880 301 τινας
907 254 992 294 τῶν
1031 254 1197 296 οἰκετῶν
1236 250 1499 307 ἐπαγόμενος,
1522 285 1523 288 ¹
1543 252 1743 305 κύναςτε

303 314 376 357 καί
390 310 523 370 ὅρνεις
542 311 800 371 ἠσκημένους
812 319 962 375 θηρᾷν.
987 313 1041 373 ἦν
1059 319 1100 358 δ’
1118 320 1162 368 ἐξ
1186 316 1311 367 ἔθους
1341 314 1455 375 αὐτῷ
1475 319 1594 362 τοῦτο
1608 325 1741 363 ποιεῖν

300 377 369 422 ὅτε
395 381 602 434 βούλοιτο,
635 380 707 422 καί
736 380 806 424 διὰ
834 385 946 425 τοῦτ’
976 380 1177 438 αἴσθησιν
1207 383 1410 436 οὐδεμίαν
1429 379 1528 426 οὐδὲ
1554 384 1742 442 ταραχὴν

259 446 325 488 Βό
356 444 538 502 δρασμὸς
567 453 752 503 παρεῖχε.
781 446 878 498 τούς
906 449 954 491 δέ
978 465 1024 504 γε
1051 447 1219 499 πλείους
1245 450 1330 491 τῶν
1367 449 1535 492 οἰκετῶν
1561 451 1767 500 καὶ-τῶνὸ

300 510 436 568 φίλων
463 510 611 562 αὐταῖς
648 518 815 563 σκευαῖς
841 515 892 570 τῇ
919 513 1000 570 πρὸ
1029 514 1103 569 τῆς
1140 515 1340 570 δευτέρας
1370 515 1742 568 διεσκεδασμένους

304 575 411 618 κατὰ
439 576 578 626 πάσας
604 575 680 627 τὰς
706 581 779 634 τῆς
807 577 964 629 πόλεως
990 578 1123 629 πύλας
1149 579 1363 622 ἐκέλευσεν
1389 578 1655 633 ἐξελθόντας,
1697 580 1744 623 ἐν

304 641 521 699 ὡρισμένῳ
539 641 626 685 τινὶ
644 642 788 701 χωρίῳ
815 646 1224 702 συναθροιζομένους
1246 644 1494 700 περιμένειν.
1524 639 1746 701 ofisrj'ma·

303 705 518 762 γενόμενος
545 706 618 749 καὶ
641 713 726 758 τοῖς
755 709 1186 763 οἰκείοις-συμμίξας,
1225 712 1297 764 τῆς
1325 711 1385 759 εἰς
1409 707 1486 765 τὴν
1516 709 1745 766 Ἀδριανοῦ

304 772 422 815 πόλιν
450 774 658 829 φερούσης
680 773 827 828 εἴχετο,
857 774 1052 825 συνόντος
1079 776 1151 818 καί
1176 775 1551 831 πρωτοστράτορος.
1575 772 1796 829 ''sveine-10

303 853 375 887 νος
403 839 450 880 δὲ
476 837 577 895 πρὸς
594 837 666 881 τὸν
685 841 864 884 Μέλανα
891 839 1143 894 καλούμενον
1164 837 1355 893 ποταμόν
1383 841 1457 882 καί
1479 841 1617 883 ἳππων
1642 843 1743 883 πολ-

303 906 388 947 λῶν
414 904 566 959 ἀγέλας
592 908 693 960 παρ’
721 901 835 963 αύτῷ
862 907 1092 959 νεμομένας
1120 903 1270 962 εύριόν·
1299 901 1428 961 (ἦσαν
1455 906 1496 948 δ’
1525 906 1645 948 ἵπποι
1669 906 1744 960 τῆς

303 967 530 1026 ἱδρυμένης
559 970 604 1012 έν
634 971 858 1027 Βυζαντίῳ
888 973 1081 1027 στρατιᾶς
1107 973 1179 1013 καί
1195 972 1278 1012 τῶν
1303 965 1441 1013 ἄλλων
1466 970 1745 1027 συγκλητικῶν

305 1033 377 1076 καὶ
400 1031 649 1093 πολιτικῶν)
681 1031 803 1077 οὐδὲν
817 1036 1018 1091 ἠθέλησεν
1042 1037 1252 1092 ἀδικῆσαι,
1268 1033 1374 1077 ἀλλὰ
1389 1041 1475 1086 τοῖς
1495 1051 1540 1079 τε
1565 1051 1743 1079 συνεπο-

187 1112 221 1145 Ρ.
245 1109 294 1151 59
304 1100 444 1154 μένοις
470 1100 619 1141 ἀπεῖπε
647 1103 900 1157 νεωτερίζειν
935 1103 1093 1157 μηδὲν,
1130 1104 1203 1143 καί
1227 1106 1313 1151 τοῖς
1349 1099 1627 1159 ἱπποφορβοῖς
1652 1102 1794 1150 §xe-15

301 1170 423 1208 λευσε
452 1163 551 1215 τούς
579 1166 732 1216 ἵππους
759 1165 959 1221 λαβόντας
992 1166 1097 1223 πρὸς
1125 1165 1201 1223 τήν
1227 1165 1344 1210 πόλιν
1370 1171 1549 1223 χωρεῖν,
1583 1165 1644 1222 μή
1669 1183 1743 1210 τα-

304 1231 438 1288 ραχῆς
475 1246 586 1281 τινος
625 1236 844 1287 γενομένης
879 1234 1220 1289 διαρπασθῶσιν.
1260 1234 1411 1291 ἐφεξῆς
1450 1234 1497 1275 δὲ
1527 1230 1748 1275 owen-‘hav

304 1297 378 1338 καί
401 1297 458 1354 τῷ
481 1296 647 1354 μεγάλῳ
677 1299 905 1356 δομεστίκῳ
935 1297 1277 1356 καί.Συργιάννῃ,
1307 1299 1365 1349 ὥς
1389 1295 1501 1353 εἶχον
1517 1292 1651 1353 ἤνυον.
1666 1296 1743 1353 τὴν

304 1360 415 1405 ὁδόν·
444 1362 517 1404 καί
538 1361 644 1417 μετὰ
671 1364 804 1419 μέσην
832 1365 906 1419 τῆς
930 1361 1037 1417 μετὰ
1058 1362 1134 1419 τὴν
1157 1365 1358 1421 δευτέραν
1375 1363 1535 1420 ἡμέρας
1544 1397 1556 1417 ,
1584 1363 1644 1412 εἶς
1664 1361 1742 1418 τὴν

298 1427 530 1484 Ἀδριανοῦ
548 1428 788 1484 φθάσαντες
815 1426 1146 1484 εἰσεληλύθασιν,
1166 1426 1302 1484 ἡδέως
1321 1427 1639 1483 ὑποδεξαμένων
1661 1430 1799 1479 τῶναο

307 1491 529 1535 οἰκούντων
555 1491 634 1548 τὴν
664 1493 798 1548 πόλιν,
828 1495 900 1536 καί
925 1495 1009 1536 τῶν
1034 1492 1279 1551 κρειττόνων
1301 1493 1415 1544 τινος
1436 1492 1513 1550 τὴν
1539 1494 1744 1548 βασιλέως

305 1560 531 1614 οἰηθέντων
557 1558 796 1614 ἐπιδημίαν.
827 1558 848 1602 ὅ
875 1559 1018 1613 μέντοι
1042 1558 1316 1616 πρεσβύτερος
1342 1558 1541 1615 βασιλεὺς
1567 1556 1639 1600 τὸν
1667 1559 1744 1600 τοῦ

305 1623 474 1678 ἕγγόνου
517 1623 706 1680 δρασμὸν
731 1626 964 1680 γνωρίσας,
1006 1625 1263 1667 διασέσειστο
1289 1627 1369 1678 μὲν
1397 1626 1463 1667 ἐπ’
1491 1621 1623 1679 ὀλίγον
1647 1620 1744 1672 τούς

303 1688 535 1743 λογισμούς,
565 1685 638 1731 εἶτ’
669 1687 891 1743 α’ναλαβαὶν
920 1688 1093 1742 ἑαυτὸν,
1131 1691 1205 1732 καί
1231 1688 1280 1731 οὗ
1307 1690 1415 1742 μέγα
1443 1688 1562 1744 ἔργον
1587 1686 1743 1743 ἡγησά-

302 1768 423 1806 μενος
453 1752 501 1795 τό
529 1751 601 1796 τὸν
622 1752 789 1808 ἔγγονον
816 1752 1133 1808 χειρώσασθαι,
1162 1751 1234 1794 ἅτε
1256 1750 1329 1794 καὶ
1352 1753 1549 1808 στρατιᾶς
1573 1751 1647 1795 καὶ
1669 1753 1796 1807 τῆςαό

303 1885 402 1915 rator
426 1881 600 1922 excessit,
632 1879 757 1926 paucis
793 1878 1011 1926 quibusdam
1045 1879 1211 1920 famulis,
1255 1878 1406 1913 canibus
1437 1879 1527 1914 item
1551 1884 1589 1916 et
1616 1880 1742 1916 avibus

303 1927 548 1961 venatricibus
573 1928 773 1961 comitatus.
802 1925 911 1972 Quod
933 1926 1019 1971 quia
1043 1925 1245 1966 factitabat,
1271 1926 1414 1972 quoties
1437 1927 1647 1970 placuisset,
1671 1939 1743 1961 ne·—

303 1980 363 2007 mo
388 1975 464 2007 eius
485 1974 603 2019 fugam
629 1974 759 2014 sensit,
782 1984 851 2006 nec
876 1972 1072 2018 quidquam
1102 1972 1279 2006 tumultus
1304 1971 1390 2005 inde
1415 1977 1539 2005 natum
1566 1978 1630 2006 est.
1660 1973 1740 2008 Mn-

303 2021 418 2053 iorem
436 2031 542 2065 porro
554 2020 799 2054 ministrorum
812 2021 1078 2064 amicorumque
1102 2024 1242 2063 partem
1267 2029 1348 2051 cum
1371 2018 1642 2063 impedimentis
1662 2021 1740 2065 pri-

302 2066 363 2099 die
382 2077 447 2110 per
469 2077 591 2099 omnes
607 2072 726 2111 portas
748 2067 848 2099 urbis
867 2065 1016 2110 sparsim
1036 2064 1135 2098 exire
1157 2069 1195 2098 et
1216 2064 1255 2098 in
1272 2065 1352 2097 loco
1379 2075 1400 2098 a
1421 2076 1459 2098 se
1481 2065 1632 2099 definito
1663 2067 1740 2099 col-

300 2113 433 2146 lectam
449 2118 652 2156 exspectare
677 2113 793 2150 iussit,
842 2112 923 2157 Quo
944 2122 1024 2144 cum
1037 2112 1217 2152 venisset,
1242 2111 1358 2144 iuncti
1374 2122 1512 2152 omnes,
1537 2117 1739 2156 protostra-

301 2164 381 2192 tore
409 2159 516 2191 etiam
537 2164 748 2202 praesente,
784 2159 880 2193 viam
913 2157 1176 2203 Adrianopolin
1214 2157 1420 2201 carpebant.
1467 2157 1523 2190 Ad
1546 2157 1737 2199 Melanem,

303 2204 403 2251 quod
437 2209 600 2245 vocatur,
643 2204 777 2239 flumen
816 2206 1126 2250 appropinquans,
1170 2204 1350 2249 iuxtaque·
1375 2214 1522 2249 magnos
1561 2214 1739 2249 equorum

304 2261 425 2296 greges
451 2251 522 2283 late
553 2262 718 2296 campum
750 2251 943 2285 tondentes
968 2251 1170 2295 reperiens,
1203 2250 1250 2291 (ii
1285 2254 1387 2283 erant
1423 2250 1554 2294 partim
1576 2250 1735 2284 militum

304 2297 619 2342 Constantinopoli
632 2297 852 2343 degentium,
878 2298 1011 2342 partim
1034 2291 1248 2342 optimatum
1270 2306 1311 2329 ac
1333 2297 1631 2342 magistratuum‚]
1643 2295 1736 2330 nihil

303 2344 519 2377 iniuriarum
553 2344 687 2377 inferre
713 2344 847 2385 voluit,
880 2344 1068 2389 vetuitque
1100 2344 1250 2377 comites
1271 2353 1404 2376 novum
1430 2341 1573 2389 aliquid
1600 2343 1735 2383 moliri,

304 2395 342 2423 et
367 2395 528 2434 pastores
554 2389 716 2423 hortatus
742 2395 817 2431 est,
855 2400 965 2436 equos
998 2391 1038 2422 in
1063 2389 1189 2431 urbem
1221 2400 1241 2422 a
1266 2394 1391 2430 erent,
1421 2400 1468 2422 ne
1503 2389 1596 2422 sorte
1629 2400 1649 2421 a
1675 2394 1736 2422 tu-

303 2436 569 2469 multuantibus
603 2436 856 2481 diriperentur.
907 2436 1050 2469 Deinde
1081 2446 1207 2480 magno
1269 2435 1439 2468 omestico
1473 2439 1510 2468 et
1541 2434 1736 2479 Syrgianne

305 2492 451 2528 quoque
484 2483 689 2523 conventis,
752 2488 901 2515 uantum
935 2487 1125 2527 poterant,
1158 2483 1228 2514 iter
1249 2491 1396 2526 pergere
1423 2480 1669 2514 maturabant:
1693 2491 1736 2513 ac

304 2527 500 2563 secundum
521 2527 709 2562 meridiem
751 2529 799 2562 iei
824 2529 1006 2574 sequentis
1030 2527 1290 2572 Adrianopolin
1312 2529 1505 2567 intrantes,
1530 2526 1575 2560 ab
1590 2527 1732 2568 incolis,

305 2575 498 2609 adventum
529 2574 626 2608 hunc
657 2575 758 2609 velut
785 2574 845 2608 dei
876 2576 1077 2620 cuiuspiam
1109 2575 1263 2608 faustum
1294 2574 1366 2607 sibi
1396 2571 1729 2617 interpretantibus,

307 2621 463 2655 iucunde
495 2622 632 2666 accepti
664 2627 760 2658 sunt.
820 2621 913 2655 Avus
947 2622 1090 2664 nepotis
1124 2621 1209 2666 fuga
1237 2619 1360 2654 audita
1387 2624 1637 2654 consternatus
1660 2619 1730 2651 ali-

308 2667 516 2713 quamdiu„
534 2672 575 2701 ut
608 2668 766 2712 primum
790 2667 854 2702 lux
881 2668 995 2703 menti
1020 2666 1163 2704 reddita
1189 2672 1258 2708 est,
1291 2664 1729 2713 parviquesswm-nogotii
