1852 3146
360 100 390 135 2
403 99 470 154 70
886 95 1247 141 CANTACUZENI

174 200 255 237 Ac.
272 202 355 239 1328
367 197 646 253 ἀπεργάσηται
670 196 831 248 δείσας,
855 189 1052 251 στρατιὰν
1073 197 1370 252 ἀπολεξάμενος
1393 194 1489 254 ὅσην
1519 194 1619 256 ᾤετο
1643 193 1769 256 *Qu-‘-

360 277 446 304 σειν
472 258 574 314 πρὸς
596 259 640 302 τὸ
681 258 820 315 ἔργον,
857 258 928 315 τὴν
950 257 1170 316 ἀκρόπολιν
1193 263 1440 318 προσέταξεν
1461 262 1616 315 ἔξωθεν
1637 270 1770 320 φρονέ-

359 331 469 383 ρεῖν,
492 321 601 374 ὅπως
630 323 772 379 μηδείς
803 327 983 368 εἰσέλθοι
1011 327 1054 375 ἐς
1095 322 1239 381 αὖτήν.
1294 326 1332 368 ὀἶ
1362 329 1408 370 δὲ
1439 330 1484 371 ἐν
1519 330 1672 384 Φεραῖς
1703 323 1770 369 ὅτι
1825 335 1830 340 “

358 391 417 438 εἷς
440 387 739 443 Θεσσαλονίκην
774 387 938 444 ἔρχεται
972 387 1200 443 πυθόμενοι
1227 389 1252 432 ὅ
1286 390 1481 444 βασιλευς
1491 425 1505 445 ,
1536 390 1771 443 δείσαντες,

357 450 453 508 ὅπερ
480 453 645 507 ἐγένετο,
663 452 721 508 μή
752 453 864 509 αὐτῷ
893 451 1181 510 προσχωρήσῃ,
1208 455 1468 509 τριακοσίους
1487 454 1678 510 ἔπεμψαν
1699 457 1792 498 λο-5

327 516 507 571 (Ξγάδας,
542 514 644 558 ὥστε
673 516 747 572 τήν
766 533 809 560 τε
832 516 1053 570 ἀκρόπολιν
1079 522 1299 571 κατασχεῖν
1317 517 1390 560 καί
1409 523 1495 569 τοῖς
1515 521 1561 562 ἐν
1579 522 1632 576 τῇ
1652 517 1769 562 πόλει

356 581 515 637 θάρσος
547 585 777 637 παρασχεῖν
805 581 1049 636 ἀντιστῆναι
1083 585 1255 634 βασιλεῖ’.
1308 583 1587 636 συμβαλόντες
1617 585 1664 626 δὲ
1690 584 1769 624 αὖ-

357 650 444 694 τοῖς
476 643 516 687 οἱ
542 644 655 701 παρὰ
693 647 893 698 βασιλέως
917 644 1259 701 προστεταγμένοι
1288 644 1361 700 τὴν
1386 645 1603 703 ἀκρόπολιν
1635 661 1769 704 φρου-

357 715 464 765 ρεῖν,
486 711 713 766 ἐτρέψαντο
737 708 838 751 κατὰ
861 710 1026 765 κράτος,
1050 709 1121 752 καὶ
1139 708 1236 759 τούς
1257 712 1334 762 μὲν
1357 710 1594 754 ἀπέκτειναν
1615 711 1769 763 αὐτῶν,

356 772 452 822 τοὺς
486 774 531 815 δὲ
572 769 679 815 εἷλον
710 775 878 824 ζῶντας.
930 772 1124 827 βασιλευς
1153 775 1198 815 δὲ
1234 772 1325 815 ἐπεὶ
1354 772 1405 816 τοὶ
1444 773 1547 830 πρὸς
1581 770 1821 832 φυλακὴνιο

356 838 427 889 τῆς
453 836 709 893 ἀκροπόλεως
740 837 1009 893 ἐξηρτύσατο,
1031 832 1126 892 ἧκεν
1147 840 1205 887 εἷς
1233 836 1309 893 τὴν
1336 835 1457 892 ἁγίαν
1482 837 1608 895 σορὸν
1626 841 1771 894 Δημη-

355 905 469 957 τρίου
490 903 566 943 τοῦ
599 901 808 958 μάρτυρος
829 905 902 944 καὶ
937 901 1228 958 μυροβλύτου,
1266 899 1354 954 ἅμα
1375 905 1454 955 μὲν
1480 901 1771 960 προσκυνήσων

355 962 507 1019 αὖτόν,
547 962 617 1022 (ἢν
646 964 722 1022 γὰρ
756 967 799 1014 ἐξ
837 966 997 1020 ἡλικίας
1031 964 1194 1022 πρώτης
1223 966 1348 1022 τιμὴν
1386 967 1498 1024 αὐτῷ
1530 967 1610 1009 καὶ·
1628 967 1771 1010 πίστιν

354 1028 479 1071 πλείω
501 1025 529 1084 ἢ
550 1029 653 1071 κατὰ
677 1029 772 1079 τούς
793 1024 939 1079 ἄλλους
958 1029 1171 1086 μάρτυρας
1197 1033 1390 1087 παρέχων
1416 1033 1488 1074 καὶ
1507 1027 1642 1087 ὥσπερ
1672 1032 1772 1086 ὅρα-

318 1092 455 1148 Βστὴς
486 1094 618 1135 αὐτοῦ
639 1089 750 1150 ιδῃ)
801 1091 890 1147 ἅμα
917 1095 964 1136 δὲ
995 1096 1067 1136 καί
1087 1096 1160 1150 τῆς
1185 1094 1395 1152 παρούσης
1421 1097 1540 1138 ἕνεκα
1571 1092 1821 1149 εὖτυχίαςιό

353 1157 629 1212 ἀμειψόμενος
654 1158 946 1215 εὖχαριστίαις.
976 1159 1260 1215 προσκυνήσας
1294 1162 1341 1202 δὲ
1361 1160 1434 1203 καὶ
1456 1157 1770 1216 εὖχαριστῆσας,

353 1224 445 1264 ἐπεὶ
473 1225 544 1264 καί
580 1221 653 1265 τὸν
680 1220 787 1265 πόδα
821 1226 867 1265 ἐκ
901 1225 976 1279 τῆς
1017 1222 1117 1279 πρὸς
1157 1226 1330 1280 Πέρσας
1368 1226 1507 1280 μάχης
1544 1241 1772 1280 τραυματι-

352 1286 492 1340 σθείς,
522 1288 540 1343 (
554 1288 598 1329 ἐν
620 1289 818 1343 τέσσαρσι
851 1287 924 1329 καὶ
959 1289 1058 1330 δέκα
1090 1291 1196 1344 μησί
1218 1292 1532 1344 θεραπευθῆναι
1562 1289 1638 1330 οὐκ
1664 1289 1770 1343 ἥδυ-

353 1350 483 1406 νήθη,
521 1351 651 1393 πολλοὶ
687 1354 769 1394 τῶν
796 1354 947 1408 ιάτρῶν
982 1355 1411 1409 πραγματευσαμένων
1425 1386 1439 1407 ,
1475 1351 1580 1395 ἀλλὰ
1615 1368 1767 1409 σφακε-

351 1416 474 1465 λίζων
498 1414 566 1456 οἷεί
596 1416 644 1457 οὖ
675 1416 858 1472 φορητοὶς
883 1423 1055 1473 παρεῖχε
1074 1418 1149 1466 τὰς
1168 1413 1374 1474 ,ὄδυνας,)
1397 1416 1445 1459 τὸ
1464 1417 1660 1472 ὑπόδημα
1691 1417 1820 1459 λύ-αο

351 1494 450 1532 σας,
477 1481 534 1535 τῷ
560 1478 678 1536 μύρῳ
712 1479 847 1536 χρίειν
876 1479 1016 1533 ἔμελλε
1042 1483 1116 1523 τοῦ
1150 1481 1292 1536 ἁγίου,
1330 1481 1604 1536 ἐνθυμηθεὶς,
1643 1480 1700 1530 ὥς
1737 1478 1767 1523 ἃ

349 1542 409 1597 μὴ
449 1541 616 1585 δύναιτο
655 1540 892 1599 ἀνθρωπίνη
916 1547 1037 1599 τέχνη
1075 1545 1148 1587 καί
1176 1544 1363 1600 σπουδή,
1399 1547 1535 1588 ταῦτα
1561 1544 1657 1594 θεὸς
1682 1552 1767 1594 τοῖς

351 1608 484 1662 ἁγίοις
518 1609 702 1664 μάρτυσι
739 1606 946 1652 δύνασθαι
976 1611 1198 1665 παρέσχεν.
1263 1610 1356 1653 ἐπεὶ
1389 1612 1437 1653 δὲ
1471 1609 1542 1653 τόν
1580 1625 1626 1652 τε
1661 1610 1767 1654 πόδα

444 1717 497 1751 ¹9·
516 1706 746 1751 σφακελίζων
758 1707 830 1742 ED.
849 1708 885 1745 P.
901 1719 966 1754 pro
989 1707 1250 1754 σφακελλίζων.

351 1783 480 1823 missa,
509 1785 549 1816 in
583 1795 696 1817 arcem
740 1795 862 1817 manus
897 1785 973 1817 eius
1011 1785 1309 1827 expugnationem
1337 1790 1593 1826 remoraretur,
1627 1787 1765 1830 copiam

379 1834 522 1861 uantam
555 1830 717 1863 sufficere
738 1829 975 1862 arbitrabatur
1005 1829 1138 1872 delegit
1161 1840 1309 1874 eamque
1329 1829 1428 1870 foris,
1454 1841 1501 1864 ne
1522 1832 1580 1864 cui
1597 1832 1766 1864 introitus

353 1841 507 1915 garetur,
532 1874 703 1907 custodiri
723 1874 913 1906 mandavit.
961 1873 1035 1918 Qui
1059 1874 1180 1907 Pheris
1199 1875 1413 1916 manebant,
1435 1876 1590 1921 cognito,
1610 1875 1767 1920 impera—

352 1924 466 1953 torem
489 1919 775 1953 Thessalonicam
798 1929 960 1963 pergere,
996 1920 1181 1960 timentes,
1210 1920 1250 1952 id
1280 1920 1377 1966 quod
1398 1921 1545 1962 accidit,
1569 1933 1615 1955 ne
1641 1932 1679 1955 se
1704 1922 1762 1955 illi

354 1966 521 2007 dederet,
545 1970 783 1999 trecentorum
805 1965 920 1997 virum
947 1964 1086 1998 delecta
1113 1977 1259 2010 corpora
1290 1966 1459 2007 mittunt,
1490 1967 1553 2021 qui
1582 1972 1619 2000 et
1646 1978 1763 2001 arcem

353 2016 500 2045 teneant
523 2017 559 2044 et
579 2010 713 2044 civibus
736 2012 774 2043 in
790 2009 879 2043 urbe
901 2010 946 2042 ad
973 2011 1208 2044 resistendum
1233 2012 1437 2056 imperatori
1458 2017 1593 2047 ammos
1618 2013 1760 2046 saciant.

354 2056 454 2101 Quos
487 2058 549 2103 qui
573 2057 617 2090 ad
638 2056 726 2089 arcis
760 2055 876 2088 aditus
901 2057 1090 2090 servandos
1118 2057 1242 2090 selecti
1270 2062 1393 2099 erant,
1428 2059 1557 2092 collato
1576 2058 1690 2103 pede,
1727 2059 1763 2092 vi

356 2107 394 2135 et
416 2104 548 2136 virtute
566 2103 604 2135 in
620 2102 738 2146 fugam
756 2101 1026 2145 compulerunt3
1060 2108 1097 2136 et
1122 2102 1210 2136 alios
1237 2102 1382 2148 quidem
1405 2104 1636 2145 occiderunt,
1672 2105 1762 2138 alios

352 2147 451 2181 vivos
472 2153 651 2192 ceperunt.
679 2147 890 2180 Constitutis
915 2158 1005 2193 quae
1023 2147 1069 2180 ad
1089 2149 1178 2181 arcis
1206 2148 1402 2182 custodiam
1422 2149 1663 2193 pertinebant,
1691 2150 1759 2182 im·-

352 2198 497 2238 perator
525 2193 570 2227 ad
602 2197 760 2226 sanctum
784 2192 957 2226 Demetrii
995 2195 1157 2237 martyris
1181 2199 1218 2226 et
1241 2195 1478 2237 myrohlytae,
1515 2195 1554 2228 id
1582 2201 1654 2236 est,
1690 2206 1759 2228 un-

354 2245 524 2284 guentum
554 2239 795 2278 scaturientis,
821 2237 1057 2271 conditorium
1077 2241 1267 2284 processit,
1292 2241 1399 2273 simul
1425 2246 1466 2274 ut
1490 2240 1654 2285 precibus
1678 2251 1759 2273 eum

351 2290 599 2324 veneraretur,
624 2285 757 2329 quippe
777 2295 882 2329 quem
909 2295 929 2316 a
951 2295 1062 2328 puero
1089 2296 1172 2329 prae
1198 2285 1276 2319 aliis
1307 2285 1520 2329 martyribus
1547 2285 1759 2326 honorabat,

354 2335 391 2363 et
419 2330 499 2374 plus
525 2331 563 2362 in
588 2340 630 2362 eo
661 2330 737 2373 spei
763 2329 976 2372 reponebat,
1017 2341 1123 2375 quam
1155 2332 1193 2365 in
1225 2332 1371 2371 ceteris,
1402 2333 1632 2376 impensoque
1655 2331 1758 2364 illum

352 2375 543 2420 diligebat3
587 2375 693 2408 simul
725 2379 766 2407 ut
801 2374 917 2407 eidem
949 2377 1077 2420 gratias
1113 2376 1158 2409 de
1185 2376 1304 2410 oblata
1333 2377 1505 2411 felicitate
1536 2375 1757 2421 rependeret.

351 2421 494 2454 Peracto
512 2426 686 2466 utroque,
714 2421 879 2465 quoniam
900 2421 1005 2453 etiam
1021 2422 1149 2466 pedem
1167 2423 1207 2455 in
1235 2421 1401 2456 conflictu
1431 2434 1511 2457 cum
1535 2422 1648 2456 Persis
1676 2421 1757 2455 vul-

351 2472 514 2505 neratus,
540 2465 808 2511 quatuordecim
833 2466 1014 2499 mensibus
1045 2468 1160 2501 curari
1188 2478 1260 2501 non
1283 2472 1444 2512 poterat,
1475 2467 1586 2500 multa
1608 2466 1756 2504 medicis

352 2513 487 2545 auxilia
506 2512 633 2545 frustra
655 2511 938 2555 experientibus,
964 2511 1027 2545 sed
1063 2523 1104 2545 eo
1128 2513 1546 2558 paulatimwabeseente,
1571 2511 1756 2546 doloribus

351 2557 585 2591 intolerandis
609 2556 851 2598 cruciabatur3
875 2558 992 2590 soluto
1016 2558 1151 2598 calceo,
1177 2560 1288 2592 sancti
1310 2564 1488 2604 unguento
1516 2557 1619 2591 illum
1645 2568 1751 2601 para-

350 2602 416 2636 bat
432 2604 621 2648 pei-linere,
645 2603 697 2636 ita
720 2613 838 2635 secum
856 2603 1012 2642 volvens,
1036 2614 1125 2648 quae
1145 2614 1199 2637 ars
1220 2603 1372 2637 humana
1389 2610 1426 2638 et
1446 2603 1602 2637 studium
1625 2603 1755 2647 nequi-

352 2654 451 2691 rent,
477 2661 520 2683 ea
547 2649 662 2683 Deum
692 2648 822 2682 sanctis
852 2648 1064 2691 martyribus
1084 2660 1186 2694 posse
1216 2649 1418 2684 concedere.
1466 2649 1605 2684 Ablatis
1635 2648 1755 2682 fasciis
