1832 3132
298 114 409 181 420
821 108 1194 172 muudum-u

105 235 370 286 A.C.1329noei
405 229 461 281 ὥς
497 228 719 284 ἐποιούμην
758 227 857 285 περὶ
885 227 1078 272 πλείστου
1115 228 1173 286 μὴ
1199 228 1322 285 μόνον
1346 232 1568 288 ἀνήκεστον
1597 228 1720 276 ossan

264 288 359 346 Βείς
386 292 509 337 αὐτὸν
535 295 638 337 ἰδεῖν
660 292 807 347 ἐλθὸν,
831 293 940 336 ἀλλά
968 294 1040 336 καὶ
1065 298 1138 350 τῆς
1166 296 1300 351 ἀρχῆς
1319 302 1483 353 κρατεῖν
1510 298 1582 340 καί
1605 297 1718 354 παρὰ

295 363 397 404 πᾶσι
435 359 506 400 καί
547 358 844 412 θαυμάζεσθαι
879 360 951 400 καί
977 361 1260 413 ἐπαινεῖσθαι,
1291 361 1442 404 ούδένα
1468 378 1541 415 μοι
1565 364 1721 416 μᾶλλον

291 420 318 480 ἢ
342 426 389 466 σὲ
416 422 554 477 οἴομαι
579 425 827 466 συνειδέναι.
881 423 953 466 καί
978 421 1045 466 ὅτε
1083 425 1162 481 γὰρ
1203 427 1278 467 τοῦ
1310 425 1415 482 πρὸς
1442 427 1650 487 ιῖλλήλους·
1671 427 1720 470 ὖ-

289 491 381 542 μῶν
419 490 602 542 μάλιστα
642 491 853 545 φυομένου
894 491 1077 542 πολέμου
1119 489 1426 544 ἐβουλευόμεθα
1463 492 1656 549 περὶτοῦ
1692 488 1745 550 ᾗ5

283 552 369 609 χρὴ
397 551 468 596 τόν
492 553 671 606 πόλεμον
705 555 959 608 διαθέσθαι,
1000 556 1081 596 τῶν
1117 550 1253 596 ἄλλων
1290 556 1602 612 παραινούντων
1631 559 1719 614 εἴρ-

286 635 393 674 γειν,
423 613 449 674 ἢ
478 621 550 660 καί
576 617 870 661 ἀποκτιννύναι
879 652 892 673 ,
921 622 993 662 καί
1019 617 1140 678 ὀλίγῳ
1164 618 1302 679 χρόνῳ
1320 623 1480 665 πολλῶν
1506 619 1719 674 ἀπαλλάτ-

287 687 436 726 τεσθαι
473 683 751 740 πραγμάτων,
792 681 915 726 οἶσθα
955 684 1088 727 ὁπόσα
1127 684 1410 742 φιλάνθρωπα
1443 678 1643 738 ἀὕτ’όςτε
1675 689 1718 730 ἔ-

285 749 502 803 βουλεύσω
533 749 630 806 περὶ
645 747 792 805 αύτοῢ,
819 749 930 805 κάγώ
961 757 1155 793 συνεῖπον
1174 752 1402 806 προθύμως
1428 753 1501 796 καί
1522 751 1568 796 τὸ
1591 755 1718 810 μέρος

285 814 715 871 συγκατειργασάμην.
770 815 841 857 καὶ
866 815 1006 871 ἐπειδὴ
1037 816 1140 873 πρὸς
1180 814 1255 859 τὸν
1281 815 1460 871 πόλεμον
1486 819 1771 869 ,conrumpire-10

287 896 351 930 τες
373 879 691 935 περιεγενόμεθα
721 877 856 922 αὐτοῦ
883 884 955 923 καί
982 879 1092 931 ἅπαξ
1130 884 1203 924 καί
1229 884 1317 936 δι’ς,
1349 879 1474 930 οἶσθα
1500 881 1600 940 ὅσην
1625 886 1719 927 ἐπε·

289 945 516 998 δειξάμεθα
546 944 644 1001 περὶ
670 944 801 987 αὐτὸν
830 946 903 987 καί
928 944 1002 1002 τὴν
1040 942 1204 990 εὔνοιαν
1231 950 1304 990 καί
1338 945 1412 1003 τὴν
1438 949 1544 991 αι’δῶ
1570 950 1617 992 ἐκ
1641 952 1718 1004 μέ-

247 1020 372 1055 οσων
399 1008 707 1065 ἐξαρπάσαντες
743 1011 828 1053 τῶν
867 1011 1079 1054 κινδύνων·
1107 1012 1180 1054 καί
1206 1009 1254 1054 ού
1292 1013 1420 1067 μόνον
1439 1015 1484 1057 ἒν
1510 1010 1717 1074 ἀσφαλείᾳ

287 1074 635 1129 καταστήσαντες,
665 1071 769 1117 ἆλλά
796 1075 868 1118 καί
893 1075 966 1132 τὴν
993 1077 1089 1133 πρίν
1117 1074 1408 1134 εὐδαιμονίαν,
1438 1075 1513 1122 ὅσα
1538 1096 1585 1136 γε
1609 1082 1716 1136 ἐξῆν,

288 1138 538 1197 φυλάξαντες
567 1140 682 1198 αὐτῷ
694 1174 707 1194 ,
735 1143 816 1183 τῶν
843 1137 978 1184 ἄλλων
1005 1140 1200 1186 ἁπάντων
1225 1148 1536 1200 βουλευομένων
1567 1147 1770 1190 tavare-15

286 1206 356 1247 τίοι
394 1206 466 1247 καί
502 1208 704 1259 δεομένων
742 1208 964 1250 πείθεσθαι
1003 1205 1154 1259 αύτοῑς.
1230 1208 1294 1252 διό
1332 1226 1387 1264 με
1428 1209 1527 1255 ούδὲ
1554 1210 1719 1254 οἴεσθαι

283 1269 368 1326 χρή
385 1286 477 1312 τινα
494 1271 698 1328 οἷπεχθειᾲ
727 1274 780 1328 τῇ
807 1271 911 1329 πρὸς
939 1273 1065 1316 αὐτὸν
1092 1272 1188 1324 τούς
1215 1273 1361 1330 λόγους
1387 1279 1601 1320 ποιεῖσθαι
1624 1293 1719 1320 του-

285 1334 406 1376 τουσί
420 1369 432 1388 ,
474 1332 580 1377 ἀλλὰ
617 1338 674 1393 τῷ
709 1340 828 1394 κοινῷ
867 1340 1122 1394 προσέχοντα
1151 1345 1364 1382 λυσιτελεῖ·
1394 1336 1530 1392 ἄλλως
1555 1345 1591 1385 ’τ’
1620 1339 1719 1384 οὗδὲ

286 1402 343 1456 τῷ
371 1401 551 1453 μάλιστα
580 1400 677 1450 τούς
702 1400 880 1457 τρόπους
913 1407 1201 1461 συκοφαντικῷ
1232 1403 1427 1459 διαβολὰς
1445 1409 1606 1458 ἐξέσται
1644 1405 1719 1464 ῥά-

286 1481 424 1518 πτειν,
453 1464 509 1513 ὦς
537 1467 705 1524 ἐμαυτῷ
743 1467 1081 1523 περιποιούμενος
1117 1469 1194 1525 τὴν
1227 1473 1443 1524 βασιλείαν
1470 1471 1617 1514 κωλύω
1643 1465 1771 1515 τοῦ2ο
1807 1530 1809 1533 ι

285 1529 343 1584 μὴ
372 1530 615 1585 ἐγχειρίζειν
643 1530 782 1589 ἐκεινῳ
825 1533 909 1574 τῶν
935 1532 1185 1588 πραγμάτων
1210 1533 1284 1590 τὴν
1311 1532 1462 1591 ἆρχήν.
1515 1535 1716 1592 πρότερόν

285 1610 330 1634 τε
356 1594 435 1650 γάρ
466 1597 579 1650 ἐξῆν,
608 1594 721 1652 εἴπερ
751 1594 1005 1652 ἐβουλόμην,
1044 1601 1117 1640 καί
1150 1601 1223 1640 νῦν
1260 1599 1324 1641 ἔτι
1349 1606 1482 1642 κεῖται
1507 1603 1574 1644 ἐπ’
1602 1600 1715 1654 ἐμοὶ,

249 1661 372 1703 Domi
399 1659 686 1717 παρασχόντος
714 1657 764 1703 ἂν
785 1663 1016 1718 προθύμως
1043 1664 1083 1705 εἰ
1106 1665 1367 1721 βουληθείην·
1395 1662 1496 1713 ὥστ’
1521 1663 1620 1708 ούδὲ
1645 1667 1717 1710 τοῦ

375 1771 408 1804 9.
436 1761 614 1805 Interpres
641 1760 864 1805 ἐβούλευσας
889 1774 998 1808 super
1015 1774 1057 1798 eo
1083 1761 1326 1799 disseruerim.

282 1849 488 1891 ardentius,
525 1862 629 1896 quam
661 1861 741 1883 eum
766 1849 889 1884 videre
911 1862 985 1884 non
1017 1852 1133 1885 solum
1159 1851 1257 1885 nihil
1274 1852 1430 1886 immane
1452 1853 1611 1898 perpeti3
1652 1852 1716 1886 sed

284 1896 393 1928 etiam
414 1901 534 1930 tenere
559 1898 751 1942 imperium
772 1908 921 1942 esseque
946 1898 985 1930 in
1006 1909 1067 1931 ore
1090 1904 1127 1932 et
1146 1898 1383 1932 admiratione
1404 1900 1585 1940 omnium,
1609 1908 1714 1933 nemo

283 1943 411 1975 melius
438 1948 474 1975 te
502 1955 575 1976 uno
599 1945 699 1975 iuxta
722 1954 861 1975 mecum
885 1944 996 1976 novit.
1044 1943 1132 1978 Nam
1154 1950 1191 1978 et
1216 1957 1294 1979 cum
1318 1946 1474 1978 maxime
1495 1945 1594 1979 bello
1619 1947 1716 1979 inter

282 1999 344 2020 vos
369 1994 514 2030 exorto,
550 2001 620 2035 quo
644 1995 748 2033 pacto
773 1989 865 2021 illud
885 1995 1085 2033 gereretur,
1121 1992 1271 2024 consilia
1301 1991 1593 2034 conferebamus,
1627 1991 1714 2025 hor—

283 2039 513 2078 tarenturque
535 2035 723 2075 nonnulli,
756 2040 796 2067 ut
819 2046 899 2067 eum
924 2046 1063 2068 carcere
1093 2037 1359 2078 clauderemus,
1393 2043 1456 2071 aut
1479 2039 1587 2071 etiam
1606 2049 1714 2072 neca-

284 2091 399 2112 remus
426 2086 462 2112 et
485 2081 585 2114 brevi
610 2087 770 2125 tempore
791 2082 913 2113 multis
938 2093 1003 2114 nos
1029 2084 1204 2116 molestiis
1229 2085 1490 2124 eximeremus,
1516 2085 1584 2118 scis
1605 2096 1713 2130 quam

284 2125 396 2158 multa
427 2125 660 2160 humanitatis
685 2129 790 2170 plena
814 2132 850 2160 et
875 2128 954 2171 ipsc
975 2139 1082 2172 super
1108 2141 1149 2162 eo
1169 2129 1396 2173 disserueris3
1430 2136 1468 2163 et
1486 2142 1550 2176 ego
1571 2131 1712 2176 tibique

283 2171 468 2214 perlibens
495 2174 706 2206 assenserim
735 2179 842 2218 teque
864 2184 928 2217 pro
961 2181 1062 2217 parte
1089 2187 1234 2222 quoque
1257 2175 1467 2213 adiuverim.
1524 2177 1624 2210 Bello
1647 2177 1712 2210 fla-

285 2223 425 2260 grante,
450 2229 529 2260 cum
557 2219 668 2251 semel
688 2221 890 2264 iterumque
913 2220 1138 2262 vicissemus,
1163 2223 1357 2256 recordaris
1380 2228 1511 2268 quanta
1532 2224 1572 2256 in
1593 2223 1712 2268 ipsum

288 2263 478 2296 inclinatio
499 2270 607 2310 atque
629 2265 853 2298 observantia
885 2272 1007 2299 nostra
1027 2267 1155 2302 fuerit:
1185 2269 1330 2314 quando
1354 2279 1374 2301 e
1399 2269 1529 2302 mediis
1549 2274 1712 2314 ereptum

284 2309 481 2353 periculis,
525 2322 597 2343 non
630 2317 748 2344 tutum
784 2311 889 2345 modo
924 2315 1189 2356 praestitimus,
1236 2315 1470 2347 verumetiam
1507 2316 1712 2359 pristinam,

284 2359 455 2399 quantum
488 2356 610 2396 licuit,
656 2357 867 2390 felicitatem
905 2359 937 2391 ei
969 2361 1271 2402 conservavimus,
1302 2362 1429 2393 ceteris
1460 2361 1625 2394 omnibus
1654 2373 1712 2394 re-

285 2401 541 2442 clamantibus,
577 2408 614 2435 et
643 2408 683 2435 ut
709 2404 795 2447 ipsis
818 2405 859 2436 in
886 2407 1100 2438 contrarium
1124 2407 1419 2452 obsequeremur,
1451 2406 1710 2451 flagitantibus.

288 2446 396 2490 Quod
422 2458 501 2479 cum
535 2449 584 2480 ita
615 2449 680 2489 sit,
712 2461 785 2482 non
808 2461 864 2482 me
889 2451 973 2483 odio
1000 2453 1123 2497 aliquo
1149 2453 1391 2493 stimulatum,
1423 2452 1487 2486 sed
1507 2463 1710 2486 communes

287 2493 462 2526 utilitates
482 2494 703 2534 intuentem,
735 2494 825 2528 haec
851 2497 947 2528 effari
979 2499 1255 2531 existimandum
1292 2503 1364 2538 est,
1396 2500 1607 2542 praesertim
1631 2509 1711 2532 cum

286 2549 352 2570 nce
372 2539 619 2572 callidissimus
641 2540 879 2575 calumniator
903 2541 971 2576 hoc
994 2544 1033 2575 in
1055 2555 1110 2578 me
1132 2549 1304 2577 consuere
1330 2545 1444 2588 possit
1469 2543 1708 2585 mendacium,

286 2584 369 2617 ideo
393 2596 448 2617 me
467 2585 662 2631 impedire,
692 2598 738 2619 ne
767 2588 800 2620 ei
822 2588 982 2621 tradatur
1000 2590 1210 2634 imperium,
1249 2590 1333 2635 quia
1359 2589 1399 2622 id
1430 2589 1521 2623 mihi
1549 2591 1710 2624 studeam

286 2632 482 2675 acquirere,
544 2631 631 2664 Nam
661 2638 697 2665 ct
722 2634 821 2678 prius
848 2636 952 2678 copia
982 2641 1080 2676 erat,
1125 2637 1154 2669 si
1187 2635 1375 2678 libuisset3
1423 2641 1462 2669 et
1491 2636 1609 2671 adhuc
1636 2637 1710 2680 mei

285 2676 429 2710 arbitrii
466 2683 521 2712 est
554 2688 712 2720 sumere,
754 2679 853 2726 quod
886 2685 925 2714 tu
963 2682 1094 2727 cupide
1131 2693 1270 2716 mecum
1302 2682 1625 2717 communicaturus
1660 2684 1708 2717 eff.
