1820 3164
241 78 350 136 552
773 90 1148 136 cmscuzsm

44 206 83 241 A.
101 198 373 255 (3.134ιλόγοις
403 196 556 251 μόνον,
585 194 692 238 ἀλλὰ
718 196 790 238 καὶ
820 195 877 253 τῷ
903 192 956 237 τοὶ
993 199 1080 244 τοῖς
1104 192 1312 250 θεολόγοις
1343 195 1442 251 περὶ
1465 193 1572 237 θεοῦ,
1594 192 1666 236 ὃσ-
1714 224 1719 226 »

237 265 416 319 δογμένα
450 262 770 317 ἐξηκριβωκέναι
801 261 1053 316 διαφέρων,)
1090 257 1299 310 καταστὰς
1324 259 1430 316 πρὸς
1466 258 1568 309 τούς
1589 256 1664 302 λό-

236 344 335 386 γους
360 327 432 369 καί
457 322 605 380 αὖτὸς,
633 330 783 382 σαφεῖς
811 324 884 367 καί
910 323 1083 378 βεβαίας
1100 322 1315 380 παρείχετο
1333 322 1410 374 τοὶς
1436 320 1665 373 ἀποδείξεις

235 395 319 436 τῶν
345 392 596 448 λεγομένων,
633 389 682 432 οὗ
704 393 991 445 συλλογισμοῖς
1025 386 1241 445 χρώμενος
1279 391 1350 431 καί
1375 390 1666 445 γεωμετρικαῑζ

236 454 457 512 ἆνάγκαις,
486 451 598 512 (οὐδὲ
625 453 703 511 γαρ
730 450 817 499 οἷόν
851 470 897 497 τε
933 457 980 497 ἐκ
1005 455 1086 497 τῶν
1112 457 1212 497 καθ’
1237 451 1346 510 ἡμᾶς
1373 450 1691 497 duodenarum&

198 522 293 569 Βτὰ
319 522 425 579 ὑπὲρ
460 519 572 576 ἡμᾶς
585 522 617 578 ,)
661 518 768 563 omo}
794 526 878 571 τοῖς
913 520 1047 575 λόγοις
1078 521 1162 562 τῶν
1197 519 1327 574 ἁγίων
1368 517 1439 561 καὶ
1461 515 1667 572 θεολόγων

235 583 423 644 ἀνδρῶν,
451 583 524 636 οῦς
560 585 609 628 τό
655 587 818 640 πνεῦμα
838 583 883 629 τὸ
909 582 1028 641 ἅγιον
1059 585 1310 640 ἐχρημάτισε
1348 585 1404 627 δι’
1444 582 1606 637 αὗέόν,
1630 573 1666 639 ᾧ

233 650 370 694 πάντα
405 652 623 709 ἕρευνᾶται
651 650 724 694 καὶ
757 649 810 694 τὰ
852 651 967 706 βάθη
1011 651 1087 693 τοῦ
1115 651 1219 693 θεοῦ
1230 686 1241 697 ,
1290 647 1514 692 α’πεδείκνυ
1541 664 1588 692 τε
1619 649 1668 692 ἔτι

234 719 396 760 πολλῶν
424 717 508 760 τῶν
540 717 769 772 λεγομένων
801 714 850 758 τὸ
877 714 979 759 κατὰ
1010 714 1058 759 τὸ
1101 713 1320 773 Θαβῶριον
1351 714 1452 765 τούς
1471 711 1668 770 μαθητὰς

234 780 552 839 περιαστράψαν
580 783 670 839 φῶς
694 783 819 832 δόξαν
839 776 1027 839 ἄναρχον
1045 782 1119 824 τοῦ
1139 783 1242 824 θεοῦ
1261 780 1334 824 καὶ
1360 781 1451 838 φῶς
1466 778 1719 836 θεότητοςιο

236 846 310 889 καὶ
335 846 510 903 θεότητα
547 848 622 890 καί
659 845 837 903 φυσικόν
875 847 949 890 καὶ
976 843 1109 890 ἀΐδιον
1135 847 1210 890 τοῦ
1237 848 1344 890 θεοῦ
1376 847 1467 904 φῶς
1491 843 1563 888 καὶ
1589 839 1668 887 ὅσα

236 914 408 955 τοιαῦτα
442 910 558 969 παρὰ
599 918 687 963 τοῖς
717 912 930 968 θεολόγοις
965 911 1262 966 πιστευόμενὸν
1294 927 1340 955 τε
1369 910 1440 954 καὶ
1465 924 1671 967 προσαγο-

235 975 472 1033 ρευόμενον.
526 974 615 1020 εἶτα
639 979 686 1021 ἐκ
718 978 801 1020 τῶν
839 977 998 1036 ῥήσεων
1020 978 1104 1020 τῶν
1129 979 1375 1033 θεολογικῶν
1401 975 1670 1032 συνεπέραινσ

237 1044 310 1086 καί
337 1042 476 1097 αὐτὸς,
516 1043 574 1092 ὦς
609 1043 656 1085 τὸ
686 1043 822 1086 ἀΐδιον
855 1042 928 1085 καί
960 1040 1139 1100 φυσικὸν
1166 1045 1243 1085 τοῦ
1271 1043 1375 1085 θεοῦ
1406 1036 1565 1084 οὖκιόἒν
1587 1037 1671 1095 εἴη

238 1107 424 1162 κτιστόν,
455 1108 554 1151 οὐδὲ
582 1108 608 1165 ἦ
637 1104 821 1166 ἄναρχος
848 1108 944 1160 δόξα
972 1108 1090 1165 καίἧ
1115 1109 1307 1163 βασιλεία
1332 1108 1408 1150 τοῦ
1427 1108 1554 1161 θεοῦ,
1578 1105 1723 1152 οὕδίὄ

120 1177 154 1212 Ρ.
168 1176 236 1214 335
248 1170 324 1216 ὅσα
344 1172 448 1231 πρός
480 1175 562 1217 τῶν
584 1173 793 1230 θεολόγων
821 1172 869 1217 τὸ
905 1176 995 1232 φῶς
1022 1176 1152 1217 ἐκεῖνο
1173 1171 1362 1230 ὕμνηται.
1417 1173 1490 1216 ἐπὶ
1510 1171 1671 1220 τούτοις

238 1241 287 1283 δὲ
314 1237 387 1282 καὶ
408 1238 480 1282 τὸν
495 1238 576 1281 ὑπὸ
609 1240 692 1282 τῶν
732 1238 835 1283 κατὰ
866 1238 936 1283 τὸν
951 1235 1073 1283 ’Ἁθω
1108 1239 1237 1284 ὁσίων
1266 1239 1435 1296 ἀνδρῶν
1459 1238 1672 1280 συντεθει-

238 1305 362 1359 μένον
388 1305 546 1360 παρῆγε
571 1302 720 1359 τόμον,
763 1303 810 1355 ὃς
839 1305 952 1363 αὐτῷ
973 1306 1051 1359 μὲν
1083 1302 1298 1361 συνηγόρει
1327 1301 1459 1354 αἱς-τοὶ
1487 1300 1560 1346 ἴσα
1586 1305 1674 1351 τοῖς

241 1369 375 1426 ἁγίοις
400 1371 689 1428 φθεγγομένῳ,
717 1368 931 1427 Βαρλαοὶμ
969 1371 1015 1412 δὲ
1033 1371 1304 1427 βλασφημίαν
1333 1370 1407 1411 καί
1432 1367 1672 1418 κακοδοξίαν

238 1432 459 1495 αατηγόρει
498 1435 664 1490 πολλήν.
693 1434 784 1477 ἐπεὶ
811 1436 857 1477 δὲ
880 1437 926 1478 ἐκ
963 1437 1124 1477 πολλῶν
1166 1436 1250 1477 τῶν
1276 1434 1505 1489 λεγομένων
1531 1431 1558 1489 ἦ
1580 1430 1725 1487 νίκηαο

242 1498 347 1555 πρὸς
378 1501 420 1542 Γ
417 1498 610 1556 ρηγόριον
645 1499 851 1553 ἀπέβλεπε
884 1501 957 1542 καί
987 1498 1090 1549 τούς
1117 1498 1350 1554 μοναχούς,
1391 1497 1558 1541 πάντων
1590 1491 1672 1553 ἤδη

240 1565 525 1618 πεπεισμένων
544 1570 628 1614 τοῖς
652 1564 784 1620 ἁγίοις
804 1566 980 1608 ἕπεσθαι
999 1563 1071 1607 καί
1084 1563 1294 1619 θεολόγοις
1320 1562 1394 1606 καὶ
1414 1561 1474 1618 μὴ
1501 1567 1594 1612 τοῖς
1626 1563 1674 1606 ἐκ

240 1631 400 1678 κοιλίας
425 1631 656 1686 εἰρημένοις
677 1629 908 1686 Βαρλαάμ,
932 1630 1122 1687 συνεώρα
1141 1646 1185 1673 τε
1209 1629 1281 1672 καὶ
1298 1625 1426 1679 advoc,—
1451 1627 1509 1678 ὥς
1527 1624 1600 1670 οὔκ
1619 1624 1674 1671 ἂν

242 1694 482 1752 ὃιαδράσειε
509 1697 581 1751 τῆς
599 1697 883 1752 γλωσσαλγίας
897 1694 974 1750 καὶ,
994 1697 1066 1752 τῆς
1088 1696 1354 1750 βωμολοχίας
1373 1694 1522 1737 δοῦναι
1541 1693 1674 1750 δίκην,

238 1818 390 1860 iissent,
423 1818 524 1866 (erat
551 1819 645 1853 enim
669 1830 742 1854 non
767 1818 806 1854 in
830 1819 984 1855 dicendo
1009 1819 1124 1854 solum
1148 1818 1319 1861 eximiuS,
1352 1818 1417 1853 sed
1440 1817 1548 1853 etiam
1564 1816 1672 1852 theo·

239 1865 367 1912 logicis
390 1867 522 1900 litteris
546 1866 808 1901 eruditissimus
823 1872 851 1908 ,)
878 1868 909 1901 is
932 1868 1125 1912 perspicue
1148 1872 1186 1901 et
1208 1867 1307 1900 firme
1327 1865 1508 1911 probabat
1527 1869 1676 1899 senten-

242 1914 333 1946 tiam
376 1924 477 1947 suam
522 1924 596 1947 non
627 1912 841 1959 syllogismis
872 1918 910 1947 et
935 1914 1159 1959 geometricis
1183 1912 1495 1953 conclusionibus,
1531 1911 1674 1958 (neque

243 1960 342 1992 enim
374 1964 518 2005 poterat
541 1970 585 1992 ex
607 1960 674 2000 iis,
711 1971 803 2006 quae
825 1964 910 1993 sunt
941 1959 1037 2005 apud
1059 1971 1144 2000 nos,
1178 1959 1419 1994 demonstrare
1450 1968 1544 2004 quae
1566 1967 1675 2003 supra

244 2005 353 2051 nos,)
381 2005 443 2039 sed
467 2011 669 2039 sanctorum
693 2011 731 2039 et
752 2005 957 2051 theologiae
980 2007 1177 2051 peritorum
1199 2005 1386 2039 hominum
1409 2005 1548 2046 effatis,
1582 2013 1674 2049 quae

243 2050 318 2084 illis
350 2051 504 2096 Spiritus
529 2057 670 2086 sanctus
695 2054 880 2098 suggessit,
906 2064 976 2098 quo
993 2054 1112 2086 omnia
1137 2051 1362 2098 indagantur,
1387 2052 1497 2084 etiam
1521 2051 1675 2095 profun-

245 2097 292 2130 da
315 2098 403 2132 Dei:
429 2098 654 2143 docebatque
678 2101 841 2142 copiose,
865 2100 986 2133 lumen
1009 2100 1048 2133 in
1073 2098 1231 2139 Thabor,
1256 2097 1354 2145 quod
1377 2096 1674 2142 discipulose'ol-

243 2143 430 2185 lustravit,
468 2156 544 2178 esse
575 2145 721 2189 gloriam
746 2146 815 2180 Dei
839 2146 1019 2191 principio
1051 2150 1251 2186 carentem,
1286 2149 1323 2178 et
1347 2145 1570 2177 maiestatem
1596 2142 1674 2176 eius

246 2194 284 2223 et
306 2190 427 2224 lumen
452 2190 653 2224 divinitatis
678 2197 715 2225 et
741 2192 913 2225 deitatem
937 2198 974 2226 et
997 2192 1161 2226 naturale
1186 2196 1444 2236 aeternumque
1459 2190 1526 2222 Dei
1550 2189 1674 2222 lumen

246 2241 283 2269 et
307 2247 552 2315 Huaecumque
575 2238 661 2270 talia
685 2249 703 2270 a
729 2238 907 2283 theologis
937 2238 982 2272 de
1006 2249 1049 2272 eo
1074 2237 1267 2271 creduntur
1296 2236 1546 2281 dicunturque.
1571 2235 1676 2268 Post-

245 2293 304 2316 mo
333 2294 392 2315 um
417 2294 461 2317 ex
495 2284 736 2327 pronuntiatis
760 2285 972 2329 theologicis
1007 2290 1045 2319 et
1076 2285 1155 2330 ipse
1188 2282 1446 2323 concludebat,
1486 2285 1675 2315 aeternum

247 2334 284 2362 et
306 2331 469 2363 naturale
492 2330 561 2363 Dei
584 2341 657 2363 non
682 2342 759 2364 esse
790 2331 974 2365 conditum
988 2356 997 2372 ‚
1022 2342 1090 2365 nec
1114 2332 1189 2371 eius
1213 2331 1359 2375 gloriam
1379 2333 1417 2362 et
1440 2327 1676 2368 maiestatem,

244 2385 313 2408 nec
341 2375 520 2422 quidquid
546 2387 566 2409 a
600 2375 777 2421 theologis
808 2378 901 2411 illud
926 2378 1048 2411 lumen
1085 2388 1161 2411 esse
1184 2375 1410 2421 praedicatur
1433 2386 1474 2408 ac
1496 2373 1673 2407 laudatur.

244 2421 434 2456 Praeterea
460 2428 596 2456 tomum
619 2434 639 2456 a
665 2425 796 2457 sanctis
819 2424 904 2458 viris
930 2424 1026 2470 apud
1048 2423 1143 2457 Atho
1169 2421 1417 2456 habitantibus
1435 2421 1675 2465 compositum

243 2469 453 2512 promebat,
488 2481 560 2515 quo
585 2481 664 2502 eum
698 2481 776 2503 cum
813 2472 945 2504 sanctis
980 2471 1181 2504 consentire
1217 2468 1416 2502 docebatur
1440 2472 1476 2501 et
1499 2465 1676 2500 Barlaami

243 2513 485 2558 blasphemiae
533 2527 771 2562 perversaque
815 2517 979 2551 doctrina
1016 2515 1304 2561 redarguebatur.
1353 2515 1443 2549 cum
1482 2514 1553 2546 iam
1593 2516 1676 2557 post

244 2560 387 2605 longam
423 2561 703 2606 disputationem
735 2564 884 2597 victoria
910 2564 955 2596 ad
980 2563 1190 2608 Gregorium
1226 2566 1263 2595 et
1295 2560 1487 2594 monachos
1520 2558 1675 2593 inclina-

244 2611 320 2647 ret,
355 2609 529 2653 persuasis
562 2610 759 2649 universis,
807 2615 1011 2644 sanctorum
1043 2614 1080 2642 et
1119 2607 1367 2652 theologorum
1400 2607 1556 2652 placita,
1597 2614 1671 2638 non

244 2656 361 2688 autem
386 2666 430 2690 ex
455 2654 600 2689 cerebro
630 2656 802 2689 Barlaami
827 2657 987 2701 prosecta
1011 2660 1210 2691 commenta
1234 2653 1491 2700 amplectenda,
1513 2651 1673 2687 videret-
