<?xml version="1.0" encoding="UTF-8"?>
<!DOCTYPE html PUBLIC "-//W3C//DTD XHTML 1.0 Transitional//EN"
    "http://www.w3.org/TR/xhtml1/DTD/xhtml1-transitional.dtd">
<html xmlns="http://www.w3.org/1999/xhtml" xml:lang="en" lang="en">
 <head>
  <title>
</title>
<meta http-equiv="Content-Type" content="text/html;charset=utf-8" />
  <meta name='ocr-system' content='tesseract 3.04.00' />
  <meta name='ocr-capabilities' content='ocr_page ocr_carea ocr_par ocr_line ocrx_word'/>
</head>
<body>
  <div class='ocr_page' id='page_1' title='image "./corpusscriptorum23niebuoft_0460.png"; bbox 0 0 1832 3132; ppageno 0'>
   <div class='ocr_carea' id='block_1_1' title="bbox 338 108 1233 174">
    <p class='ocr_par' dir='ltr' id='par_1_1' title="bbox 338 108 1233 174">
     <span class='ocr_line' id='line_1_1' title="bbox 338 108 1233 174; baseline 0 -14"><span class='ocrx_word' id='word_1_1' title='bbox 338 109 373 174; x_wconf 77' lang='grc'>4</span> <span class='ocrx_word' id='word_1_2' title='bbox 388 128 402 160; x_wconf 84' lang='grc' dir='ltr'><em>ι</em></span> <span class='ocrx_word' id='word_1_3' title='bbox 418 108 451 161; x_wconf 85' lang='grc'><strong>8</strong></span> <span class='ocrx_word' id='word_1_4' title='bbox 866 117 1233 161; x_wconf 75' lang='lat' dir='ltr'><strong>CANTACUZENJ</strong></span> 
     </span>
    </p>
   </div>
   <div class='ocr_carea' id='block_1_2' title="bbox 148 213 1793 1776">
    <p class='ocr_par' dir='ltr' id='par_1_2' title="bbox 148 213 1790 736">
     <span class='ocr_line' id='line_1_2' title="bbox 148 213 1766 277; baseline -0.004 -9"><span class='ocrx_word' id='word_1_5' title='bbox 148 233 422 277; x_wconf 71' lang='lat' dir='ltr'><strong>A.C.1329twv</strong></span> <span class='ocrx_word' id='word_1_6' title='bbox 451 224 585 266; x_wconf 77' lang='grc' dir='ltr'><em>αὐτῶν</em></span> <span class='ocrx_word' id='word_1_7' title='bbox 615 218 865 276; x_wconf 71' lang='grc' dir='ltr'><em>ἐκβιασθείς.</em></span> <span class='ocrx_word' id='word_1_8' title='bbox 918 217 992 261; x_wconf 75' lang='grc' dir='ltr'><strong>καὶ</strong></span> <span class='ocrx_word' id='word_1_9' title='bbox 1027 217 1119 262; x_wconf 83' lang='grc' dir='ltr'><em>τότε</em></span> <span class='ocrx_word' id='word_1_10' title='bbox 1152 222 1229 273; x_wconf 84' lang='grc' dir='ltr'><strong>μὲν</strong></span> <span class='ocrx_word' id='word_1_11' title='bbox 1256 213 1390 274; x_wconf 69' lang='grc' dir='ltr'><em>ἄκων,</em></span> <span class='ocrx_word' id='word_1_12' title='bbox 1430 215 1697 276; x_wconf 66' lang='grc' dir='ltr'><em>ἀνεχῶρήσας</em></span> <span class='ocrx_word' id='word_1_13' title='bbox 1725 219 1766 260; x_wconf 76' lang='grc' dir='ltr'><strong>δ’</strong></span> 
     </span>
     <span class='ocr_line' id='line_1_3' title="bbox 338 279 1766 343; baseline -0.006 -10"><span class='ocrx_word' id='word_1_14' title='bbox 338 288 412 333; x_wconf 76' lang='grc' dir='ltr'><strong>οὖν</strong></span> <span class='ocrx_word' id='word_1_15' title='bbox 428 286 549 343; x_wconf 80' lang='grc' dir='ltr'><em>ὅμως,</em></span> <span class='ocrx_word' id='word_1_16' title='bbox 581 289 786 342; x_wconf 84' lang='grc' dir='ltr'><em>βασιλέως</em></span> <span class='ocrx_word' id='word_1_17' title='bbox 806 283 877 328; x_wconf 83' lang='grc' dir='ltr'><em>τὸν</em></span> <span class='ocrx_word' id='word_1_18' title='bbox 897 285 1087 327; x_wconf 88' lang='grc' dir='ltr'><em>κίνδυνον</em></span> <span class='ocrx_word' id='word_1_19' title='bbox 1108 285 1438 341; x_wconf 69' lang='grc' dir='ltr'><em>ἀποδιδράσκων</em></span> <span class='ocrx_word' id='word_1_20' title='bbox 1493 285 1566 326; x_wconf 80' lang='grc' dir='ltr'><em>καὶ</em></span> <span class='ocrx_word' id='word_1_21' title='bbox 1587 279 1766 340; x_wconf 66' lang='grc' dir='ltr'><em>ὕστερον</em></span> 
     </span>
     <span class='ocr_line' id='line_1_4' title="bbox 336 345 1765 410; baseline -0.006 -12"><span class='ocrx_word' id='word_1_22' title='bbox 336 352 592 410; x_wconf 74' lang='grc' dir='ltr'><strong><em>ἀμυνόμενος</em></strong></span> <span class='ocrx_word' id='word_1_23' title='bbox 625 352 857 407; x_wconf 89' lang='grc' dir='ltr'><em>ἀναγκαίως</em></span> <span class='ocrx_word' id='word_1_24' title='bbox 882 349 976 404; x_wconf 72' lang='grc' dir='ltr'><em>καὶ,</em></span> <span class='ocrx_word' id='word_1_25' title='bbox 1005 350 1077 392; x_wconf 78' lang='grc' dir='ltr'><em>τοῦ</em></span> <span class='ocrx_word' id='word_1_26' title='bbox 1103 351 1204 392; x_wconf 73' lang='grc' dir='ltr'><em>θεοῦ</em></span> <span class='ocrx_word' id='word_1_27' title='bbox 1235 352 1561 407; x_wconf 84' lang='grc' dir='ltr'><em>συναιρομένου,</em></span> <span class='ocrx_word' id='word_1_28' title='bbox 1596 346 1689 391; x_wconf 74' lang='grc' dir='ltr'><em>ἐπεὶ</em></span> <span class='ocrx_word' id='word_1_29' title='bbox 1710 345 1765 390; x_wconf 75' lang='grc' dir='ltr'><em>τὰ</em></span> 
     </span>
     <span class='ocr_line' id='line_1_5' title="bbox 336 412 1768 476; baseline -0.006 -13"><span class='ocrx_word' id='word_1_30' title='bbox 336 421 562 476; x_wconf 79' lang='grc' dir='ltr'><em>πράγματα</em></span> <span class='ocrx_word' id='word_1_31' title='bbox 583 418 793 473; x_wconf 81' lang='grc' dir='ltr'><em>γεγένηται</em></span> <span class='ocrx_word' id='word_1_32' title='bbox 807 414 888 458; x_wconf 69' lang='grc' dir='ltr'><strong>ὑπό</strong></span> <span class='ocrx_word' id='word_1_33' title='bbox 912 431 993 470; x_wconf 89' lang='grc' dir='ltr'><em>σοι,</em></span> <span class='ocrx_word' id='word_1_34' title='bbox 1021 417 1158 457; x_wconf 74' lang='grc' dir='ltr'><em>καίτοι</em></span> <span class='ocrx_word' id='word_1_35' title='bbox 1180 431 1225 470; x_wconf 87' lang='grc' dir='ltr'><em>γε</em></span> <span class='ocrx_word' id='word_1_36' title='bbox 1244 414 1335 466; x_wconf 77' lang='grc' dir='ltr'><strong><em>ἐξὸν</em></strong></span> <span class='ocrx_word' id='word_1_37' title='bbox 1353 413 1428 471; x_wconf 80' lang='grc' dir='ltr'><em>τὴν</em></span> <span class='ocrx_word' id='word_1_38' title='bbox 1441 413 1666 468; x_wconf 74' lang='grc' dir='ltr'><strong><em>σύμπασαν</em></strong></span> <span class='ocrx_word' id='word_1_39' title='bbox 1688 412 1768 468; x_wconf 83' lang='grc' dir='ltr'><strong>ἀρ-</strong></span> 
     </span>
     <span class='ocr_line' id='line_1_6' title="bbox 333 474 1790 540; baseline -0.006 -13"><span class='ocrx_word' id='word_1_40' title='bbox 333 483 416 540; x_wconf 78' lang='grc' dir='ltr'><strong>χὴν</strong></span> <span class='ocrx_word' id='word_1_41' title='bbox 449 483 559 538; x_wconf 81' lang='grc' dir='ltr'><em>ἔχειν</em></span> <span class='ocrx_word' id='word_1_42' title='bbox 589 482 663 525; x_wconf 75' lang='grc' dir='ltr'><em>καὶ</em></span> <span class='ocrx_word' id='word_1_43' title='bbox 685 487 900 539; x_wconf 86' lang='grc' dir='ltr'><em>προσεῖναι</em></span> <span class='ocrx_word' id='word_1_44' title='bbox 927 480 974 522; x_wconf 83' lang='grc' dir='ltr'><em>τὸ</em></span> <span class='ocrx_word' id='word_1_45' title='bbox 1011 481 1181 531; x_wconf 79' lang='grc' dir='ltr'><strong><em>δικαίως</em></strong></span> <span class='ocrx_word' id='word_1_46' title='bbox 1209 478 1280 522; x_wconf 79' lang='grc' dir='ltr'><em>διοὶ</em></span> <span class='ocrx_word' id='word_1_47' title='bbox 1318 478 1366 522; x_wconf 80' lang='grc' dir='ltr'><em>τὸ</em></span> <span class='ocrx_word' id='word_1_48' title='bbox 1390 481 1543 522; x_wconf 73' lang='grc' dir='ltr'><em>ἐκεῖνον</em></span> <span class='ocrx_word' id='word_1_49' title='bbox 1579 474 1790 532; x_wconf 84' lang='grc' dir='ltr'><em>πολέμου5</em></span> 
     </span>
     <span class='ocr_line' id='line_1_7' title="bbox 337 542 1768 607; baseline -0.006 -16"><span class='ocrx_word' id='word_1_50' title='bbox 337 545 474 605; x_wconf 73' lang='grc' dir='ltr'><em>ἄρξαι,</em></span> <span class='ocrx_word' id='word_1_51' title='bbox 497 545 652 607; x_wconf 78' lang='grc' dir='ltr'><em>(οὗδείς</em></span> <span class='ocrx_word' id='word_1_52' title='bbox 671 547 749 604; x_wconf 78' lang='grc' dir='ltr'><strong>γὰρ</strong></span> <span class='ocrx_word' id='word_1_53' title='bbox 768 547 791 588; x_wconf 78' lang='grc' dir='ltr'><em>ὅ</em></span> <span class='ocrx_word' id='word_1_54' title='bbox 806 544 975 589; x_wconf 78' lang='grc' dir='ltr'><em>κωλύων</em></span> <span class='ocrx_word' id='word_1_55' title='bbox 998 545 1125 598; x_wconf 86' lang='grc' dir='ltr'><em>νόμος</em></span> <span class='ocrx_word' id='word_1_56' title='bbox 1147 543 1195 588; x_wconf 79' lang='grc' dir='ltr'><strong>τοὶ</strong></span> <span class='ocrx_word' id='word_1_57' title='bbox 1217 547 1299 588; x_wconf 76' lang='grc' dir='ltr'><em>τῶν</em></span> <span class='ocrx_word' id='word_1_58' title='bbox 1319 543 1524 598; x_wconf 83' lang='grc' dir='ltr'><em>πολεμίων</em></span> <span class='ocrx_word' id='word_1_59' title='bbox 1537 542 1638 593; x_wconf 76' lang='grc' dir='ltr'><strong>τούς</strong></span> <span class='ocrx_word' id='word_1_60' title='bbox 1652 555 1768 585; x_wconf 68' lang='grc' dir='ltr'><em>’νενι-</em></span> 
     </span>
     <span class='ocr_line' id='line_1_8' title="bbox 337 605 1770 671; baseline -0.006 -14"><span class='ocrx_word' id='word_1_61' title='bbox 337 613 509 671; x_wconf 73' lang='grc' dir='ltr'><em>κηκότας</em></span> <span class='ocrx_word' id='word_1_62' title='bbox 538 609 652 656; x_wconf 76' lang='grc' dir='ltr'><em>ἆθλα</em></span> <span class='ocrx_word' id='word_1_63' title='bbox 677 616 750 669; x_wconf 85' lang='grc' dir='ltr'><em>τῆς</em></span> <span class='ocrx_word' id='word_1_64' title='bbox 784 609 935 669; x_wconf 81' lang='grc' dir='ltr'><em>ἀρετῆς</em></span> <span class='ocrx_word' id='word_1_65' title='bbox 965 612 1188 666; x_wconf 72' lang='grc' dir='ltr'><em>κεκτῆσθαι</em></span> <span class='ocrx_word' id='word_1_66' title='bbox 1198 612 1230 667; x_wconf 86' lang='grc'><strong>,)</strong></span> <span class='ocrx_word' id='word_1_67' title='bbox 1267 605 1343 652; x_wconf 82' lang='grc' dir='ltr'><strong>οὖκ</strong></span> <span class='ocrx_word' id='word_1_68' title='bbox 1374 608 1537 666; x_wconf 75' lang='grc' dir='ltr'><em>ἔφθασε</em></span> <span class='ocrx_word' id='word_1_69' title='bbox 1566 606 1770 664; x_wconf 72' lang='grc' dir='ltr'><em>μνησθείς</em></span> 
     </span>
     <span class='ocr_line' id='line_1_9' title="bbox 337 669 1768 736; baseline -0.006 -14"><span class='ocrx_word' id='word_1_70' title='bbox 337 678 522 736; x_wconf 80' lang='grc' dir='ltr'><strong><em>εἰρήνης,</em></strong></span> <span class='ocrx_word' id='word_1_71' title='bbox 552 681 624 721; x_wconf 86' lang='grc' dir='ltr'><em>καί</em></span> <span class='ocrx_word' id='word_1_72' title='bbox 646 677 699 721; x_wconf 82' lang='grc' dir='ltr'><strong>σύ</strong></span> <span class='ocrx_word' id='word_1_73' title='bbox 723 676 776 720; x_wconf 76' lang='grc' dir='ltr'><em>τοὶ</em></span> <span class='ocrx_word' id='word_1_74' title='bbox 800 678 941 720; x_wconf 90' lang='grc' dir='ltr'><em>δίκαια</em></span> <span class='ocrx_word' id='word_1_75' title='bbox 966 679 1096 719; x_wconf 72' lang='grc' dir='ltr'><em>ποιῶν</em></span> <span class='ocrx_word' id='word_1_76' title='bbox 1119 676 1342 724; x_wconf 73' lang='grc' dir='ltr'><em>ἀπεδίδους</em></span> <span class='ocrx_word' id='word_1_77' title='bbox 1362 673 1437 731; x_wconf 75' lang='grc' dir='ltr'><strong>τήν</strong></span> <span class='ocrx_word' id='word_1_78' title='bbox 1462 670 1607 730; x_wconf 72' lang='grc' dir='ltr'><em>ἀρχήν.</em></span> <span class='ocrx_word' id='word_1_79' title='bbox 1662 669 1768 715; x_wconf 67' lang='grc' dir='ltr'><em>ὥστε</em></span> 
     </span>
    </p>

    <p class='ocr_par' dir='ltr' id='par_1_3' title="bbox 218 733 1793 1776">
     <span class='ocr_line' id='line_1_10' title="bbox 218 733 1769 801; baseline -0.006 -12"><span class='ocrx_word' id='word_1_80' title='bbox 218 746 411 792; x_wconf 59' lang='lat' dir='ltr'><strong>namna&amp;</strong></span> <span class='ocrx_word' id='word_1_81' title='bbox 436 746 479 795; x_wconf 81' lang='grc' dir='ltr'><strong>ἐξ</strong></span> <span class='ocrx_word' id='word_1_82' title='bbox 505 740 564 787; x_wconf 76' lang='grc' dir='ltr'><strong>ὧν</strong></span> <span class='ocrx_word' id='word_1_83' title='bbox 583 742 779 801; x_wconf 84' lang='grc' dir='ltr'><em>πρότερον</em></span> <span class='ocrx_word' id='word_1_84' title='bbox 802 743 1030 799; x_wconf 81' lang='grc' dir='ltr'><em>ἀπεστεροῦ</em></span> <span class='ocrx_word' id='word_1_85' title='bbox 1051 744 1182 797; x_wconf 84' lang='grc' dir='ltr'><em>μηδὲν</em></span> <span class='ocrx_word' id='word_1_86' title='bbox 1210 741 1376 794; x_wconf 72' lang='grc' dir='ltr'><em>ἀδικῶν,</em></span> <span class='ocrx_word' id='word_1_87' title='bbox 1404 741 1476 782; x_wconf 77' lang='grc' dir='ltr'><em>καὶ</em></span> <span class='ocrx_word' id='word_1_88' title='bbox 1491 739 1538 792; x_wconf 74' lang='grc' dir='ltr'><strong>ἐξ</strong></span> <span class='ocrx_word' id='word_1_89' title='bbox 1562 733 1622 781; x_wconf 71' lang='grc' dir='ltr'><strong>οἷν</strong></span> <span class='ocrx_word' id='word_1_90' title='bbox 1644 735 1769 780; x_wconf 71' lang='grc' dir='ltr'><em>ὕστε-</em></span> 
     </span>
     <span class='ocr_line' id='line_1_11' title="bbox 338 802 1788 866; baseline -0.005 -15"><span class='ocrx_word' id='word_1_91' title='bbox 338 825 411 866; x_wconf 87' lang='grc' dir='ltr'><strong>ρον</strong></span> <span class='ocrx_word' id='word_1_92' title='bbox 454 811 620 866; x_wconf 77' lang='grc' dir='ltr'><em>κρατῶν</em></span> <span class='ocrx_word' id='word_1_93' title='bbox 663 809 744 851; x_wconf 77' lang='grc' dir='ltr'><em>τῶν</em></span> <span class='ocrx_word' id='word_1_94' title='bbox 786 805 1020 851; x_wconf 72' lang='grc' dir='ltr'><strong><em>ἀντιπάλων</em></strong></span> <span class='ocrx_word' id='word_1_95' title='bbox 1070 807 1145 849; x_wconf 83' lang='grc' dir='ltr'><strong>οὖκ</strong></span> <span class='ocrx_word' id='word_1_96' title='bbox 1186 803 1426 863; x_wconf 81' lang='grc' dir='ltr'><em>ἀπεστέρεις</em></span> <span class='ocrx_word' id='word_1_97' title='bbox 1461 806 1547 848; x_wconf 76' lang='grc' dir='ltr'><em>τῶν</em></span> <span class='ocrx_word' id='word_1_98' title='bbox 1582 802 1788 856; x_wconf 82' lang='grc' dir='ltr'><em>δικαίων,ι</em></span> 
     </span>
     <span class='ocr_line' id='line_1_12' title="bbox 336 867 1772 930; baseline -0.004 -14"><span class='ocrx_word' id='word_1_99' title='bbox 336 873 492 929; x_wconf 77' lang='grc' dir='ltr'><em>ὁμοίως</em></span> <span class='ocrx_word' id='word_1_100' title='bbox 529 874 596 916; x_wconf 73' lang='grc' dir='ltr'><em>σοι’</em></span> <span class='ocrx_word' id='word_1_101' title='bbox 621 873 668 915; x_wconf 87' lang='grc' dir='ltr'><em>τὸ</em></span> <span class='ocrx_word' id='word_1_102' title='bbox 701 875 845 930; x_wconf 81' lang='grc' dir='ltr'><em>δικαίῳ</em></span> <span class='ocrx_word' id='word_1_103' title='bbox 875 869 981 914; x_wconf 83' lang='grc' dir='ltr'><em>εἶναι</em></span> <span class='ocrx_word' id='word_1_104' title='bbox 1005 874 1233 928; x_wconf 83' lang='grc' dir='ltr'><em>περιέσται.</em></span> <span class='ocrx_word' id='word_1_105' title='bbox 1287 868 1354 914; x_wconf 77' lang='grc' dir='ltr'><strong>ὅτι</strong></span> <span class='ocrx_word' id='word_1_106' title='bbox 1406 871 1426 913; x_wconf 82' lang='grc' dir='ltr'><em>ὲ</em></span> <span class='ocrx_word' id='word_1_107' title='bbox 1451 871 1525 912; x_wconf 79' lang='grc' dir='ltr'><em>καὶ</em></span> <span class='ocrx_word' id='word_1_108' title='bbox 1549 874 1636 918; x_wconf 75' lang='grc' dir='ltr'><em>τοῖς</em></span> <span class='ocrx_word' id='word_1_109' title='bbox 1662 867 1772 924; x_wconf 79' lang='grc' dir='ltr'><em>προξ-</em></span> 
     </span>
     <span class='ocr_line' id='line_1_13' title="bbox 335 931 1769 996; baseline -0.003 -15"><span class='ocrx_word' id='word_1_110' title='bbox 335 956 466 996; x_wconf 86' lang='grc' dir='ltr'><em>γμασι</em></span> <span class='ocrx_word' id='word_1_111' title='bbox 493 940 740 992; x_wconf 75' lang='grc' dir='ltr'><em>λυσιτελῶς,</em></span> <span class='ocrx_word' id='word_1_112' title='bbox 776 935 867 980; x_wconf 77' lang='grc' dir='ltr'><em>οὔδ’</em></span> <span class='ocrx_word' id='word_1_113' title='bbox 896 937 1143 989; x_wconf 79' lang='grc' dir='ltr'><em>ἀποδείξεως</em></span> <span class='ocrx_word' id='word_1_114' title='bbox 1165 937 1393 993; x_wconf 73' lang='grc' dir='ltr'><em>δεήσεσθαι</em></span> <span class='ocrx_word' id='word_1_115' title='bbox 1417 931 1551 990; x_wconf 80' lang='grc' dir='ltr'><em>οἶμαι.</em></span> <span class='ocrx_word' id='word_1_116' title='bbox 1602 933 1665 983; x_wconf 77' lang='grc' dir='ltr'><em>τίς</em></span> <span class='ocrx_word' id='word_1_117' title='bbox 1687 931 1769 990; x_wconf 81' lang='grc' dir='ltr'><strong>γὰρ</strong></span> 
     </span>
     <span class='ocr_line' id='line_1_14' title="bbox 340 998 1771 1059; baseline -0.004 -14"><span class='ocrx_word' id='word_1_118' title='bbox 340 1006 418 1045; x_wconf 71' lang='grc' dir='ltr'><strong>οὐκ</strong></span> <span class='ocrx_word' id='word_1_119' title='bbox 441 1000 549 1057; x_wconf 84' lang='grc' dir='ltr'><em>οἶδε,</em></span> <span class='ocrx_word' id='word_1_120' title='bbox 586 1005 670 1045; x_wconf 76' lang='grc' dir='ltr'><em>τῶν</em></span> <span class='ocrx_word' id='word_1_121' title='bbox 697 1001 892 1046; x_wconf 79' lang='grc' dir='ltr'><em>ἁπάντων</em></span> <span class='ocrx_word' id='word_1_122' title='bbox 928 1005 968 1045; x_wconf 83' lang='grc' dir='ltr'><em>εἰ</em></span> <span class='ocrx_word' id='word_1_123' title='bbox 994 1001 1052 1058; x_wconf 77' lang='grc' dir='ltr'><strong>μὴ</strong></span> <span class='ocrx_word' id='word_1_124' title='bbox 1076 1003 1157 1045; x_wconf 76' lang='grc' dir='ltr'><em>τῶν</em></span> <span class='ocrx_word' id='word_1_125' title='bbox 1189 1002 1444 1059; x_wconf 77' lang='grc' dir='ltr'><em>πραγμάτων</em></span> <span class='ocrx_word' id='word_1_126' title='bbox 1467 998 1548 1052; x_wconf 78' lang='grc' dir='ltr'><em>ἔξω</em></span> <span class='ocrx_word' id='word_1_127' title='bbox 1576 1003 1771 1051; x_wconf 83' lang='grc' dir='ltr'><em>κατοικεῖ,</em></span> 
     </span>
     <span class='ocr_line' id='line_1_15' title="bbox 335 1062 1771 1125; baseline -0.004 -14"><span class='ocrx_word' id='word_1_128' title='bbox 335 1067 408 1111; x_wconf 84' lang='grc' dir='ltr'><em>τὸν</em></span> <span class='ocrx_word' id='word_1_129' title='bbox 433 1067 537 1124; x_wconf 83' lang='grc' dir='ltr'><em>πρὸς</em></span> <span class='ocrx_word' id='word_1_130' title='bbox 562 1069 660 1117; x_wconf 73' lang='grc' dir='ltr'><strong>τούς</strong></span> <span class='ocrx_word' id='word_1_131' title='bbox 688 1067 927 1125; x_wconf 78' lang='grc' dir='ltr'><em>ὁμοφύλους</em></span> <span class='ocrx_word' id='word_1_132' title='bbox 956 1066 1132 1122; x_wconf 89' lang='grc' dir='ltr'><em>πόλεμον</em></span> <span class='ocrx_word' id='word_1_133' title='bbox 1162 1067 1298 1123; x_wconf 78' lang='grc' dir='ltr'><em>λύμην</em></span> <span class='ocrx_word' id='word_1_134' title='bbox 1329 1062 1459 1110; x_wconf 74' lang='grc' dir='ltr'><em>οὖσαν</em></span> <span class='ocrx_word' id='word_1_135' title='bbox 1488 1069 1576 1116; x_wconf 76' lang='grc' dir='ltr'><em>τοῖς</em></span> <span class='ocrx_word' id='word_1_136' title='bbox 1598 1064 1771 1121; x_wconf 81' lang='grc' dir='ltr'><em>χρωμέ-</em></span> 
     </span>
     <span class='ocr_line' id='line_1_16' title="bbox 335 1124 1789 1190; baseline -0.004 -15"><span class='ocrx_word' id='word_1_137' title='bbox 335 1149 423 1183; x_wconf 91' lang='grc' dir='ltr'><em>νοις</em></span> <span class='ocrx_word' id='word_1_138' title='bbox 453 1136 525 1176; x_wconf 83' lang='grc' dir='ltr'>καί</span> <span class='ocrx_word' id='word_1_139' title='bbox 557 1132 747 1190; x_wconf 74' lang='grc' dir='ltr'><em>φθορὰν,</em></span> <span class='ocrx_word' id='word_1_140' title='bbox 773 1131 909 1190; x_wconf 73' lang='grc' dir='ltr'><em>ὥσπερ</em></span> <span class='ocrx_word' id='word_1_141' title='bbox 943 1132 1017 1189; x_wconf 81' lang='grc' dir='ltr'><strong>τὴν</strong></span> <span class='ocrx_word' id='word_1_142' title='bbox 1048 1131 1212 1189; x_wconf 81' lang='grc' dir='ltr'><em>εἰρήνην</em></span> <span class='ocrx_word' id='word_1_143' title='bbox 1245 1134 1317 1174; x_wconf 84' lang='grc' dir='ltr'>καί</span> <span class='ocrx_word' id='word_1_144' title='bbox 1348 1129 1424 1187; x_wconf 78' lang='grc' dir='ltr'><em>τὴν</em></span> <span class='ocrx_word' id='word_1_145' title='bbox 1453 1128 1648 1184; x_wconf 77' lang='grc' dir='ltr'><em>ὁμόνοιαν</em></span> <span class='ocrx_word' id='word_1_146' title='bbox 1669 1124 1789 1171; x_wconf 80' lang='grc' dir='ltr'><em>τοῦ-ι</em></span> 
     </span>
     <span class='ocr_line' id='line_1_17' title="bbox 338 1194 1770 1255; baseline -0.004 -14"><span class='ocrx_word' id='word_1_147' title='bbox 338 1199 505 1241; x_wconf 77' lang='grc' dir='ltr'><em>ναν-τίον</em></span> <span class='ocrx_word' id='word_1_148' title='bbox 537 1195 672 1252; x_wconf 77' lang='grc' dir='ltr'><em>ἅπαν,</em></span> <span class='ocrx_word' id='word_1_149' title='bbox 722 1199 929 1255; x_wconf 72' lang='grc' dir='ltr'><em>ὠφέλειαν</em></span> <span class='ocrx_word' id='word_1_150' title='bbox 960 1197 1031 1240; x_wconf 79' lang='grc' dir='ltr'>καί</span> <span class='ocrx_word' id='word_1_151' title='bbox 1054 1198 1158 1254; x_wconf 86' lang='grc' dir='ltr'><em>πρὸς</em></span> <span class='ocrx_word' id='word_1_152' title='bbox 1184 1196 1231 1240; x_wconf 84' lang='grc' dir='ltr'><em>τὸ</em></span> <span class='ocrx_word' id='word_1_153' title='bbox 1266 1199 1428 1252; x_wconf 82' lang='grc' dir='ltr'><em>βέλτιον</em></span> <span class='ocrx_word' id='word_1_154' title='bbox 1463 1196 1650 1238; x_wconf 75' lang='grc' dir='ltr'><em>ἐπίδοσιν</em></span> <span class='ocrx_word' id='word_1_155' title='bbox 1686 1194 1770 1236; x_wconf 77' lang='grc' dir='ltr'><em>τῶν</em></span> 
     </span>
     <span class='ocr_line' id='line_1_18' title="bbox 338 1258 1771 1318; baseline -0.003 -13"><span class='ocrx_word' id='word_1_156' title='bbox 338 1265 511 1316; x_wconf 76' lang='grc' dir='ltr'><em>κοινῶν,·</em></span> <span class='ocrx_word' id='word_1_157' title='bbox 541 1260 647 1305; x_wconf 77' lang='grc' dir='ltr'><em>ἀλλὰ</em></span> <span class='ocrx_word' id='word_1_158' title='bbox 670 1262 754 1318; x_wconf 85' lang='grc' dir='ltr'><strong>μὴν</strong></span> <span class='ocrx_word' id='word_1_159' title='bbox 781 1260 844 1305; x_wconf 81' lang='grc' dir='ltr'><strong>ὅτι</strong></span> <span class='ocrx_word' id='word_1_160' title='bbox 863 1279 910 1318; x_wconf 88' lang='grc' dir='ltr'><em>γε</em></span> <span class='ocrx_word' id='word_1_161' title='bbox 941 1260 1039 1305; x_wconf 79' lang='grc' dir='ltr'><em>οὖδὲ</em></span> <span class='ocrx_word' id='word_1_162' title='bbox 1061 1265 1143 1305; x_wconf 77' lang='grc' dir='ltr'><em>τῶν</em></span> <span class='ocrx_word' id='word_1_163' title='bbox 1162 1262 1340 1305; x_wconf 86' lang='grc' dir='ltr'><em>δεόντων</em></span> <span class='ocrx_word' id='word_1_164' title='bbox 1369 1261 1491 1303; x_wconf 74' lang='grc' dir='ltr'><em>οὐδὲν</em></span> <span class='ocrx_word' id='word_1_165' title='bbox 1516 1258 1771 1315; x_wconf 76' lang='grc' dir='ltr'><em>παραλείπο-</em></span> 
     </span>
     <span class='ocr_line' id='line_1_19' title="bbox 337 1325 1770 1383; baseline -0.003 -14"><span class='ocrx_word' id='word_1_166' title='bbox 337 1344 415 1382; x_wconf 85' lang='grc' dir='ltr'><strong>μεν</strong></span> <span class='ocrx_word' id='word_1_167' title='bbox 436 1329 557 1383; x_wconf 82' lang='grc' dir='ltr'><strong>ἦμεῖς</strong></span> <span class='ocrx_word' id='word_1_168' title='bbox 575 1326 645 1369; x_wconf 78' lang='grc' dir='ltr'><em>διοὶ</em></span> <span class='ocrx_word' id='word_1_169' title='bbox 673 1325 718 1369; x_wconf 83' lang='grc' dir='ltr'><em>τὸ</em></span> <span class='ocrx_word' id='word_1_170' title='bbox 746 1327 805 1383; x_wconf 75' lang='grc' dir='ltr'><strong>μη</strong></span> <span class='ocrx_word' id='word_1_171' title='bbox 838 1329 991 1370; x_wconf 80' lang='grc' dir='ltr'><em>ἐκεῖνον</em></span> <span class='ocrx_word' id='word_1_172' title='bbox 1018 1330 1100 1369; x_wconf 78' lang='grc' dir='ltr'><em>τῶν</em></span> <span class='ocrx_word' id='word_1_173' title='bbox 1115 1325 1367 1382; x_wconf 80' lang='grc' dir='ltr'><em>πραγμάτων</em></span> <span class='ocrx_word' id='word_1_174' title='bbox 1395 1327 1652 1381; x_wconf 76' lang='grc' dir='ltr'><em>ἐξηγεῖσθαι,</em></span> <span class='ocrx_word' id='word_1_175' title='bbox 1679 1338 1770 1365; x_wconf 87' lang='grc' dir='ltr'><em>πει-</em></span> 
     </span>
     <span class='ocr_line' id='line_1_20' title="bbox 303 1387 1772 1450; baseline -0.005 -12"><span class='ocrx_word' id='word_1_176' title='bbox 303 1391 526 1450; x_wconf 84' lang='grc' dir='ltr'><em>Βράσομαι</em></span> <span class='ocrx_word' id='word_1_177' title='bbox 555 1390 859 1436; x_wconf 76' lang='grc' dir='ltr'><em>ἀποδεικνύναι.</em></span> <span class='ocrx_word' id='word_1_178' title='bbox 917 1391 990 1434; x_wconf 85' lang='grc' dir='ltr'><em>δύο</em></span> <span class='ocrx_word' id='word_1_179' title='bbox 1022 1391 1100 1448; x_wconf 84' lang='grc' dir='ltr'><strong>γὰρ</strong></span> <span class='ocrx_word' id='word_1_180' title='bbox 1138 1387 1265 1434; x_wconf 64' lang='grc' dir='ltr'><em>ὄντων</em></span> <span class='ocrx_word' id='word_1_181' title='bbox 1287 1389 1317 1434; x_wconf 72' lang='grc' dir='ltr'><strong>(ἲ</strong></span> <span class='ocrx_word' id='word_1_182' title='bbox 1348 1389 1545 1447; x_wconf 81' lang='grc' dir='ltr'><em>προσήκει</em></span> <span class='ocrx_word' id='word_1_183' title='bbox 1573 1389 1772 1444; x_wconf 79' lang='grc' dir='ltr'><em>βασιλεῦ’-</em></span> 
     </span>
     <span class='ocr_line' id='line_1_21' title="bbox 339 1453 1793 1514; baseline -0.005 -13"><span class='ocrx_word' id='word_1_184' title='bbox 339 1475 409 1501; x_wconf 89' lang='grc' dir='ltr'><strong>σιν</strong></span> <span class='ocrx_word' id='word_1_185' title='bbox 432 1457 586 1514; x_wconf 81' lang='grc' dir='ltr'><em>ἔργων,</em></span> <span class='ocrx_word' id='word_1_186' title='bbox 632 1459 709 1499; x_wconf 79' lang='grc' dir='ltr'><em>τοῦ</em></span> <span class='ocrx_word' id='word_1_187' title='bbox 736 1474 781 1499; x_wconf 89' lang='grc' dir='ltr'><strong>τε</strong></span> <span class='ocrx_word' id='word_1_188' title='bbox 803 1457 902 1514; x_wconf 77' lang='grc' dir='ltr'><em>περὶ</em></span> <span class='ocrx_word' id='word_1_189' title='bbox 930 1457 981 1500; x_wconf 79' lang='grc' dir='ltr'><em>τὰ</em></span> <span class='ocrx_word' id='word_1_190' title='bbox 1007 1460 1185 1510; x_wconf 81' lang='grc' dir='ltr'><em>πολέμια</em></span> <span class='ocrx_word' id='word_1_191' title='bbox 1217 1458 1466 1513; x_wconf 83' lang='grc' dir='ltr'><em>διατρίβειν,</em></span> <span class='ocrx_word' id='word_1_192' title='bbox 1507 1453 1793 1509; x_wconf 66' lang='grc' dir='ltr'><em>ἀμυνόμενονα</em></span> 
     </span>
     <span class='ocr_line' id='line_1_22' title="bbox 338 1520 1770 1578; baseline -0.004 -12"><span class='ocrx_word' id='word_1_193' title='bbox 338 1526 419 1577; x_wconf 81' lang='grc' dir='ltr'><strong>μὲν</strong></span> <span class='ocrx_word' id='word_1_194' title='bbox 447 1523 544 1573; x_wconf 80' lang='grc' dir='ltr'><strong>τούς</strong></span> <span class='ocrx_word' id='word_1_195' title='bbox 567 1523 760 1572; x_wconf 80' lang='grc' dir='ltr'><em>ἐπιόντας</em></span> <span class='ocrx_word' id='word_1_196' title='bbox 789 1522 1010 1576; x_wconf 87' lang='grc' dir='ltr'><em>πολεμίους</em></span> <span class='ocrx_word' id='word_1_197' title='bbox 1040 1522 1112 1564; x_wconf 75' lang='grc' dir='ltr'><em>καὶ</em></span> <span class='ocrx_word' id='word_1_198' title='bbox 1138 1520 1214 1578; x_wconf 74' lang='grc' dir='ltr'><em>τήν</em></span> <span class='ocrx_word' id='word_1_199' title='bbox 1247 1521 1404 1577; x_wconf 86' lang='grc' dir='ltr'><em>οἴκησιν</em></span> <span class='ocrx_word' id='word_1_200' title='bbox 1426 1521 1664 1577; x_wconf 86' lang='grc' dir='ltr'><em>παρέχοντα</em></span> <span class='ocrx_word' id='word_1_201' title='bbox 1683 1523 1770 1568; x_wconf 84' lang='grc' dir='ltr'><em>τοῖς</em></span> 
     </span>
     <span class='ocr_line' id='line_1_23' title="bbox 338 1583 1770 1644; baseline -0.003 -14"><span class='ocrx_word' id='word_1_202' title='bbox 338 1587 534 1644; x_wconf 69' lang='grc' dir='ltr'><em>ὑπηκόοις</em></span> <span class='ocrx_word' id='word_1_203' title='bbox 558 1589 740 1644; x_wconf 80' lang='grc' dir='ltr'><em>ἀσφαλῆ,</em></span> <span class='ocrx_word' id='word_1_204' title='bbox 790 1591 829 1631; x_wconf 88' lang='grc' dir='ltr'><em>εἰ</em></span> <span class='ocrx_word' id='word_1_205' title='bbox 856 1590 902 1641; x_wconf 74' lang='grc' dir='ltr'><em>δέ</em></span> <span class='ocrx_word' id='word_1_206' title='bbox 929 1603 1010 1629; x_wconf 89' lang='grc' dir='ltr'><strong>που</strong></span> <span class='ocrx_word' id='word_1_207' title='bbox 1045 1589 1160 1641; x_wconf 85' lang='grc' dir='ltr'><em>δέοι,</em></span> <span class='ocrx_word' id='word_1_208' title='bbox 1208 1588 1279 1629; x_wconf 84' lang='grc' dir='ltr'><em>καί</em></span> <span class='ocrx_word' id='word_1_209' title='bbox 1299 1583 1649 1642; x_wconf 71' lang='grc' dir='ltr'><em>ἐπιστρατεύοντα</em></span> <span class='ocrx_word' id='word_1_210' title='bbox 1681 1588 1770 1634; x_wconf 82' lang='grc' dir='ltr'><em>τοῖς</em></span> 
     </span>
     <span class='ocr_line' id='line_1_24' title="bbox 338 1647 1769 1710; baseline -0.004 -15"><span class='ocrx_word' id='word_1_211' title='bbox 338 1652 536 1710; x_wconf 85' lang='grc' dir='ltr'><em>πρότερον</em></span> <span class='ocrx_word' id='word_1_212' title='bbox 567 1655 811 1706; x_wconf 75' lang='grc' dir='ltr'><em>ἐπελθοῦσι,</em></span> <span class='ocrx_word' id='word_1_213' title='bbox 850 1654 922 1695; x_wconf 86' lang='grc' dir='ltr'>καί</span> <span class='ocrx_word' id='word_1_214' title='bbox 942 1655 1017 1694; x_wconf 84' lang='grc' dir='ltr'><em>τοῦ</em></span> <span class='ocrx_word' id='word_1_215' title='bbox 1048 1651 1145 1708; x_wconf 75' lang='grc' dir='ltr'><em>περὶ</em></span> <span class='ocrx_word' id='word_1_216' title='bbox 1169 1651 1286 1701; x_wconf 88' lang='grc' dir='ltr'><em>δίκας</em></span> <span class='ocrx_word' id='word_1_217' title='bbox 1312 1647 1585 1704; x_wconf 72' lang='grc' dir='ltr'><em>ἀσχολεῖσθαι</em></span> <span class='ocrx_word' id='word_1_218' title='bbox 1605 1648 1679 1691; x_wconf 83' lang='grc' dir='ltr'>καί</span> <span class='ocrx_word' id='word_1_219' title='bbox 1695 1651 1769 1690; x_wconf 73' lang='grc' dir='ltr'><em>θε-</em></span> 
     </span>
     <span class='ocr_line' id='line_1_25' title="bbox 337 1709 1767 1776; baseline -0.003 -15"><span class='ocrx_word' id='word_1_220' title='bbox 337 1718 471 1774; x_wconf 82' lang='grc' dir='ltr'><em>σμοὺς</em></span> <span class='ocrx_word' id='word_1_221' title='bbox 492 1721 536 1761; x_wconf 79' lang='grc' dir='ltr'><strong>ἐν</strong></span> <span class='ocrx_word' id='word_1_222' title='bbox 561 1721 635 1774; x_wconf 81' lang='grc' dir='ltr'><em>τῆς</em></span> <span class='ocrx_word' id='word_1_223' title='bbox 662 1717 823 1776; x_wconf 79' lang='grc' dir='ltr'><em>εἰρήνης</em></span> <span class='ocrx_word' id='word_1_224' title='bbox 853 1723 938 1767; x_wconf 83' lang='grc' dir='ltr'><em>τοῖς</em></span> <span class='ocrx_word' id='word_1_225' title='bbox 957 1723 1118 1775; x_wconf 83' lang='grc' dir='ltr'><em>καιροῖς</em></span> <span class='ocrx_word' id='word_1_226' title='bbox 1144 1718 1218 1760; x_wconf 84' lang='grc' dir='ltr'><em>καί</em></span> <span class='ocrx_word' id='word_1_227' title='bbox 1235 1715 1287 1760; x_wconf 77' lang='grc' dir='ltr'><em>τοὶ</em></span> <span class='ocrx_word' id='word_1_228' title='bbox 1328 1717 1456 1758; x_wconf 81' lang='grc' dir='ltr'><em>οἰκεῖα</em></span> <span class='ocrx_word' id='word_1_229' title='bbox 1484 1709 1536 1758; x_wconf 71' lang='grc' dir='ltr'><em>εὖ</em></span> <span class='ocrx_word' id='word_1_230' title='bbox 1556 1717 1767 1768; x_wconf 63' lang='grc' dir='ltr'><em>τίθεσθαι,</em></span> 
     </span>
    </p>
   </div>
   <div class='ocr_carea' id='block_1_3' title="bbox 333 1845 1768 2730">
    <p class='ocr_par' dir='ltr' id='par_1_4' title="bbox 333 1845 1768 2730">
     <span class='ocr_line' id='line_1_26' title="bbox 340 1845 1767 1900; baseline -0.005 -13"><span class='ocrx_word' id='word_1_231' title='bbox 340 1859 417 1887; x_wconf 85' lang='lat' dir='ltr'><strong>tum</strong></span> <span class='ocrx_word' id='word_1_232' title='bbox 439 1854 584 1900; x_wconf 87' lang='lat' dir='ltr'><strong>quidem</strong></span> <span class='ocrx_word' id='word_1_233' title='bbox 608 1854 760 1895; x_wconf 84' lang='lat' dir='ltr'><strong>invitus,</strong></span> <span class='ocrx_word' id='word_1_234' title='bbox 791 1857 910 1887; x_wconf 86' lang='lat' dir='ltr'><strong>tamen</strong></span> <span class='ocrx_word' id='word_1_235' title='bbox 935 1853 1135 1893; x_wconf 83' lang='lat' dir='ltr'><strong>secessisti,</strong></span> <span class='ocrx_word' id='word_1_236' title='bbox 1172 1850 1374 1896; x_wconf 86' lang='lat' dir='ltr'><strong>perieulum</strong></span> <span class='ocrx_word' id='word_1_237' title='bbox 1406 1850 1567 1894; x_wconf 79' lang='lat' dir='ltr'><strong>fugiens,</strong></span> <span class='ocrx_word' id='word_1_238' title='bbox 1599 1846 1699 1894; x_wconf 85' lang='lat' dir='ltr'><strong>quod</strong></span> <span class='ocrx_word' id='word_1_239' title='bbox 1721 1845 1767 1880; x_wconf 88' lang='lat' dir='ltr'><strong>ab</strong></span> 
     </span>
     <span class='ocr_line' id='line_1_27' title="bbox 339 1895 1765 1946; baseline -0.004 -13"><span class='ocrx_word' id='word_1_240' title='bbox 339 1901 404 1934; x_wconf 91' lang='lat' dir='ltr'><strong>illo</strong></span> <span class='ocrx_word' id='word_1_241' title='bbox 431 1901 500 1934; x_wconf 92' lang='lat' dir='ltr'><strong>tibi</strong></span> <span class='ocrx_word' id='word_1_242' title='bbox 530 1901 779 1946; x_wconf 83' lang='lat' dir='ltr'><strong>impendebat:</strong></span> <span class='ocrx_word' id='word_1_243' title='bbox 814 1906 850 1933; x_wconf 87' lang='lat' dir='ltr'><strong>et</strong></span> <span class='ocrx_word' id='word_1_244' title='bbox 880 1906 1007 1944; x_wconf 87' lang='lat' dir='ltr'><strong>postca</strong></span> <span class='ocrx_word' id='word_1_245' title='bbox 1043 1904 1078 1932; x_wconf 87' lang='lat' dir='ltr'><strong>te</strong></span> <span class='ocrx_word' id='word_1_246' title='bbox 1102 1898 1301 1932; x_wconf 85' lang='lat' dir='ltr'><strong>necessario</strong></span> <span class='ocrx_word' id='word_1_247' title='bbox 1333 1895 1540 1930; x_wconf 82' lang='lat' dir='ltr'><strong>defendisti.</strong></span> <span class='ocrx_word' id='word_1_248' title='bbox 1595 1895 1642 1928; x_wconf 86' lang='lat' dir='ltr'><strong>Et</strong></span> <span class='ocrx_word' id='word_1_249' title='bbox 1663 1899 1765 1938; x_wconf 82' lang='lat' dir='ltr'><strong>post-</strong></span> 
     </span>
     <span class='ocr_line' id='line_1_28' title="bbox 339 1942 1768 1991; baseline -0.003 -13"><span class='ocrx_word' id='word_1_250' title='bbox 339 1957 448 1991; x_wconf 81' lang='lat' dir='ltr'><strong>quam</strong></span> <span class='ocrx_word' id='word_1_251' title='bbox 480 1948 556 1981; x_wconf 89' lang='lat' dir='ltr'><strong>Deo</strong></span> <span class='ocrx_word' id='word_1_252' title='bbox 587 1947 790 1991; x_wconf 85' lang='lat' dir='ltr'><strong>opitulante</strong></span> <span class='ocrx_word' id='word_1_253' title='bbox 817 1947 977 1980; x_wconf 86' lang='lat' dir='ltr'><strong>omnium</strong></span> <span class='ocrx_word' id='word_1_254' title='bbox 1009 1945 1152 1978; x_wconf 82' lang='lat' dir='ltr'><strong>evasisti</strong></span> <span class='ocrx_word' id='word_1_255' title='bbox 1177 1949 1327 1989; x_wconf 87' lang='lat' dir='ltr'><strong>potens,</strong></span> <span class='ocrx_word' id='word_1_256' title='bbox 1359 1943 1518 1989; x_wconf 82' lang='lat' dir='ltr'><strong>quamvis</strong></span> <span class='ocrx_word' id='word_1_257' title='bbox 1540 1942 1668 1975; x_wconf 80' lang='lat' dir='ltr'><strong>liceret</strong></span> <span class='ocrx_word' id='word_1_258' title='bbox 1687 1951 1768 1974; x_wconf 88' lang='lat' dir='ltr'><strong>cum</strong></span> 
     </span>
     <span class='ocr_line' id='line_1_29' title="bbox 338 1986 1767 2037; baseline -0.003 -13"><span class='ocrx_word' id='word_1_259' title='bbox 338 1993 479 2026; x_wconf 81' lang='lat' dir='ltr'><strong>iustitia</strong></span> <span class='ocrx_word' id='word_1_260' title='bbox 510 1993 667 2026; x_wconf 86' lang='lat' dir='ltr'><strong>retinere</strong></span> <span class='ocrx_word' id='word_1_261' title='bbox 698 1992 902 2036; x_wconf 87' lang='lat' dir='ltr'><strong>imperium,</strong></span> <span class='ocrx_word' id='word_1_262' title='bbox 943 1992 1040 2037; x_wconf 90' lang='lat' dir='ltr'><strong>quod</strong></span> <span class='ocrx_word' id='word_1_263' title='bbox 1075 1991 1120 2023; x_wconf 88' lang='lat' dir='ltr'><strong>ab</strong></span> <span class='ocrx_word' id='word_1_264' title='bbox 1156 1991 1221 2024; x_wconf 91' lang='lat' dir='ltr'><strong>illo</strong></span> <span class='ocrx_word' id='word_1_265' title='bbox 1255 1990 1391 2023; x_wconf 86' lang='lat' dir='ltr'><strong>bellum</strong></span> <span class='ocrx_word' id='word_1_266' title='bbox 1419 1993 1512 2022; x_wconf 78' lang='lat' dir='ltr'><strong>esset</strong></span> <span class='ocrx_word' id='word_1_267' title='bbox 1538 1986 1767 2027; x_wconf 84' lang='lat' dir='ltr'><strong>inchoatum,</strong></span> 
     </span>
     <span class='ocr_line' id='line_1_30' title="bbox 338 2033 1765 2084; baseline -0.004 -14"><span class='ocrx_word' id='word_1_268' title='bbox 338 2038 452 2082; x_wconf 87' lang='lat' dir='ltr'><strong>(nulla</strong></span> <span class='ocrx_word' id='word_1_269' title='bbox 477 2040 612 2084; x_wconf 81' lang='lat' dir='ltr'><strong>quippe</strong></span> <span class='ocrx_word' id='word_1_270' title='bbox 636 2040 694 2071; x_wconf 78' lang='lat' dir='ltr'><strong>lex</strong></span> <span class='ocrx_word' id='word_1_271' title='bbox 715 2044 829 2079; x_wconf 84' lang='lat' dir='ltr'><strong>vetat,</strong></span> <span class='ocrx_word' id='word_1_272' title='bbox 862 2050 907 2071; x_wconf 87' lang='lat' dir='ltr'><strong>ne</strong></span> <span class='ocrx_word' id='word_1_273' title='bbox 930 2040 1081 2071; x_wconf 84' lang='lat' dir='ltr'><strong>victores</strong></span> <span class='ocrx_word' id='word_1_274' title='bbox 1105 2036 1261 2071; x_wconf 89' lang='lat' dir='ltr'><strong>hostium</strong></span> <span class='ocrx_word' id='word_1_275' title='bbox 1284 2036 1400 2076; x_wconf 89' lang='lat' dir='ltr'><strong>bona,</strong></span> <span class='ocrx_word' id='word_1_276' title='bbox 1424 2039 1604 2080; x_wconf 80' lang='lat' dir='ltr'><strong>tamquam</strong></span> <span class='ocrx_word' id='word_1_277' title='bbox 1622 2033 1765 2066; x_wconf 78' lang='lat' dir='ltr'><strong>virtutis</strong></span> 
     </span>
     <span class='ocr_line' id='line_1_31' title="bbox 337 2080 1764 2131; baseline -0.004 -15"><span class='ocrx_word' id='word_1_278' title='bbox 337 2085 514 2128; x_wconf 84' lang='lat' dir='ltr'><strong>praemia,</strong></span> <span class='ocrx_word' id='word_1_279' title='bbox 548 2084 798 2131; x_wconf 87' lang='lat' dir='ltr'><strong>possideant,)</strong></span> <span class='ocrx_word' id='word_1_280' title='bbox 830 2096 903 2117; x_wconf 88' lang='lat' dir='ltr'><strong>non</strong></span> <span class='ocrx_word' id='word_1_281' title='bbox 931 2086 1030 2128; x_wconf 90' lang='lat' dir='ltr'><strong>prior</strong></span> <span class='ocrx_word' id='word_1_282' title='bbox 1060 2094 1183 2128; x_wconf 87' lang='lat' dir='ltr'><strong>pacem</strong></span> <span class='ocrx_word' id='word_1_283' title='bbox 1205 2083 1334 2128; x_wconf 86' lang='lat' dir='ltr'><strong>petivit</strong></span> <span class='ocrx_word' id='word_1_284' title='bbox 1359 2086 1396 2115; x_wconf 86' lang='lat' dir='ltr'><strong>et</strong></span> <span class='ocrx_word' id='word_1_285' title='bbox 1419 2086 1460 2114; x_wconf 82' lang='lat' dir='ltr'><strong>tu</strong></span> <span class='ocrx_word' id='word_1_286' title='bbox 1485 2081 1600 2113; x_wconf 71' lang='lat' dir='ltr'><strong>iustus</strong></span> <span class='ocrx_word' id='word_1_287' title='bbox 1626 2080 1764 2112; x_wconf 80' lang='lat' dir='ltr'><strong>iniusto</strong></span> 
     </span>
     <span class='ocr_line' id='line_1_32' title="bbox 337 2125 1766 2175; baseline -0.003 -13"><span class='ocrx_word' id='word_1_288' title='bbox 337 2131 526 2173; x_wconf 86' lang='lat' dir='ltr'><strong>imperium</strong></span> <span class='ocrx_word' id='word_1_289' title='bbox 558 2130 745 2164; x_wconf 79' lang='lat' dir='ltr'><strong>reddebas.</strong></span> <span class='ocrx_word' id='word_1_290' title='bbox 811 2131 935 2175; x_wconf 85' lang='lat' dir='ltr'><strong>Itaque</strong></span> <span class='ocrx_word' id='word_1_291' title='bbox 970 2130 1055 2163; x_wconf 85' lang='lat' dir='ltr'><strong>dum</strong></span> <span class='ocrx_word' id='word_1_292' title='bbox 1092 2141 1212 2175; x_wconf 89' lang='lat' dir='ltr'><strong>neque</strong></span> <span class='ocrx_word' id='word_1_293' title='bbox 1245 2134 1392 2173; x_wconf 86' lang='lat' dir='ltr'><strong>propter</strong></span> <span class='ocrx_word' id='word_1_294' title='bbox 1425 2137 1466 2160; x_wconf 79' lang='lat' dir='ltr'><strong>ea</strong></span> <span class='ocrx_word' id='word_1_295' title='bbox 1496 2125 1627 2173; x_wconf 79' lang='lat' dir='ltr'><strong>quibus</strong></span> <span class='ocrx_word' id='word_1_296' title='bbox 1658 2130 1766 2158; x_wconf 78' lang='lat' dir='ltr'><strong>antea</strong></span> 
     </span>
     <span class='ocr_line' id='line_1_33' title="bbox 337 2176 1764 2222; baseline -0.004 -13"><span class='ocrx_word' id='word_1_297' title='bbox 337 2177 497 2220; x_wconf 83' lang='lat' dir='ltr'><strong>privatus</strong></span> <span class='ocrx_word' id='word_1_298' title='bbox 520 2188 578 2218; x_wconf 86' lang='lat' dir='ltr'><strong>es,</strong></span> <span class='ocrx_word' id='word_1_299' title='bbox 604 2177 797 2222; x_wconf 82' lang='lat' dir='ltr'><strong>quidquam</strong></span> <span class='ocrx_word' id='word_1_300' title='bbox 824 2183 946 2210; x_wconf 80' lang='lat' dir='ltr'><strong>contra</strong></span> <span class='ocrx_word' id='word_1_301' title='bbox 968 2177 1020 2209; x_wconf 88' lang='lat' dir='ltr'><strong>fas</strong></span> <span class='ocrx_word' id='word_1_302' title='bbox 1043 2176 1146 2220; x_wconf 81' lang='lat' dir='ltr'><strong>egisti</strong></span> <span class='ocrx_word' id='word_1_303' title='bbox 1166 2189 1174 2209; x_wconf 89' lang='lat'>:</span> <span class='ocrx_word' id='word_1_304' title='bbox 1208 2185 1326 2220; x_wconf 89' lang='lat' dir='ltr'><strong>neque</strong></span> <span class='ocrx_word' id='word_1_305' title='bbox 1352 2179 1499 2218; x_wconf 87' lang='lat' dir='ltr'><strong>propter</strong></span> <span class='ocrx_word' id='word_1_306' title='bbox 1523 2183 1620 2212; x_wconf 86' lang='lat' dir='ltr'><strong>eam,</strong></span> <span class='ocrx_word' id='word_1_307' title='bbox 1655 2181 1764 2216; x_wconf 87' lang='lat' dir='ltr'><strong>quam</strong></span> 
     </span>
     <span class='ocr_line' id='line_1_34' title="bbox 336 2220 1766 2265; baseline -0.003 -11"><span class='ocrx_word' id='word_1_308' title='bbox 336 2222 563 2265; x_wconf 84' lang='lat' dir='ltr'><strong>postmodum</strong></span> <span class='ocrx_word' id='word_1_309' title='bbox 595 2223 639 2255; x_wconf 87' lang='lat' dir='ltr'><strong>de</strong></span> <span class='ocrx_word' id='word_1_310' title='bbox 672 2224 881 2256; x_wconf 87' lang='lat' dir='ltr'><strong>adversariis</strong></span> <span class='ocrx_word' id='word_1_311' title='bbox 909 2223 1120 2255; x_wconf 76' lang='lat' dir='ltr'><strong>&#39;consecutus</strong></span> <span class='ocrx_word' id='word_1_312' title='bbox 1145 2233 1182 2254; x_wconf 84' lang='lat' dir='ltr'><strong>es</strong></span> <span class='ocrx_word' id='word_1_313' title='bbox 1201 2220 1405 2259; x_wconf 81' lang='lat' dir='ltr'><strong>victoriam,</strong></span> <span class='ocrx_word' id='word_1_314' title='bbox 1440 2228 1655 2264; x_wconf 79' lang='lat' dir='ltr'><strong>quemquam</strong></span> <span class='ocrx_word' id='word_1_315' title='bbox 1678 2228 1766 2262; x_wconf 79' lang='lat' dir='ltr'><strong>spo-</strong></span> 
     </span>
     <span class='ocr_line' id='line_1_35' title="bbox 337 2263 1765 2314; baseline -0.004 -14"><span class='ocrx_word' id='word_1_316' title='bbox 337 2267 455 2308; x_wconf 82' lang='lat' dir='ltr'><strong>liasti,</strong></span> <span class='ocrx_word' id='word_1_317' title='bbox 487 2270 657 2314; x_wconf 87' lang='lat' dir='ltr'><strong>utrinque</strong></span> <span class='ocrx_word' id='word_1_318' title='bbox 683 2270 823 2302; x_wconf 82' lang='lat' dir='ltr'><strong>iustitia</strong></span> <span class='ocrx_word' id='word_1_319' title='bbox 852 2269 922 2302; x_wconf 86' lang='lat' dir='ltr'><strong>tibi</strong></span> <span class='ocrx_word' id='word_1_320' title='bbox 954 2274 1105 2312; x_wconf 84' lang='lat' dir='ltr'><strong>superat.</strong></span> <span class='ocrx_word' id='word_1_321' title='bbox 1166 2267 1275 2312; x_wconf 86' lang='lat' dir='ltr'><strong>Quod</strong></span> <span class='ocrx_word' id='word_1_322' title='bbox 1301 2271 1419 2299; x_wconf 87' lang='lat' dir='ltr'><strong>autem</strong></span> <span class='ocrx_word' id='word_1_323' title='bbox 1444 2270 1480 2298; x_wconf 80' lang='lat' dir='ltr'><strong>et</strong></span> <span class='ocrx_word' id='word_1_324' title='bbox 1500 2275 1579 2298; x_wconf 87' lang='lat' dir='ltr'><strong>cum</strong></span> <span class='ocrx_word' id='word_1_325' title='bbox 1604 2263 1765 2297; x_wconf 82' lang='lat' dir='ltr'><strong>utilitate</strong></span> 
     </span>
     <span class='ocr_line' id='line_1_36' title="bbox 337 2309 1765 2359; baseline -0.004 -13"><span class='ocrx_word' id='word_1_326' title='bbox 337 2314 582 2358; x_wconf 83' lang='lat' dir='ltr'><strong>reipublicae,</strong></span> <span class='ocrx_word' id='word_1_327' title='bbox 624 2314 938 2348; x_wconf 84' lang='lat' dir='ltr'><strong>demonstrandum</strong></span> <span class='ocrx_word' id='word_1_328' title='bbox 966 2326 1039 2347; x_wconf 90' lang='lat' dir='ltr'><strong>non</strong></span> <span class='ocrx_word' id='word_1_329' title='bbox 1069 2315 1206 2359; x_wconf 87' lang='lat' dir='ltr'><strong>opinor.</strong></span> <span class='ocrx_word' id='word_1_330' title='bbox 1268 2311 1359 2357; x_wconf 77' lang='lat' dir='ltr'><strong>Quis</strong></span> <span class='ocrx_word' id='word_1_331' title='bbox 1395 2311 1492 2344; x_wconf 88' lang='lat' dir='ltr'><strong>enim</strong></span> <span class='ocrx_word' id='word_1_332' title='bbox 1520 2310 1657 2350; x_wconf 76' lang='lat' dir='ltr'><strong>nescit,</strong></span> <span class='ocrx_word' id='word_1_333' title='bbox 1692 2309 1765 2342; x_wconf 85' lang='lat' dir='ltr'><strong>nisi</strong></span> 
     </span>
     <span class='ocr_line' id='line_1_37' title="bbox 337 2357 1764 2401; baseline -0.004 -9"><span class='ocrx_word' id='word_1_334' title='bbox 337 2360 432 2393; x_wconf 83' lang='lat' dir='ltr'><strong>forte</strong></span> <span class='ocrx_word' id='word_1_335' title='bbox 453 2366 552 2394; x_wconf 81' lang='lat' dir='ltr'><strong>extra</strong></span> <span class='ocrx_word' id='word_1_336' title='bbox 575 2361 747 2394; x_wconf 84' lang='lat' dir='ltr'><strong>mundum</strong></span> <span class='ocrx_word' id='word_1_337' title='bbox 771 2361 932 2401; x_wconf 82' lang='lat' dir='ltr'><strong>habitet,</strong></span> <span class='ocrx_word' id='word_1_338' title='bbox 963 2361 1100 2394; x_wconf 90' lang='lat' dir='ltr'><strong>bellum</strong></span> <span class='ocrx_word' id='word_1_339' title='bbox 1123 2360 1228 2395; x_wconf 85' lang='lat' dir='ltr'><strong>civile</strong></span> <span class='ocrx_word' id='word_1_340' title='bbox 1251 2358 1388 2392; x_wconf 78' lang='lat' dir='ltr'><strong>cladem</strong></span> <span class='ocrx_word' id='word_1_341' title='bbox 1408 2362 1445 2390; x_wconf 86' lang='lat' dir='ltr'><strong>et</strong></span> <span class='ocrx_word' id='word_1_342' title='bbox 1467 2357 1665 2401; x_wconf 86' lang='lat' dir='ltr'><strong>perniciem</strong></span> <span class='ocrx_word' id='word_1_343' title='bbox 1687 2365 1764 2388; x_wconf 77' lang='lat' dir='ltr'><strong>esse</strong></span> 
     </span>
     <span class='ocr_line' id='line_1_38' title="bbox 338 2401 1764 2452; baseline -0.004 -14"><span class='ocrx_word' id='word_1_344' title='bbox 338 2405 500 2439; x_wconf 83' lang='lat' dir='ltr'><strong>civibus?</strong></span> <span class='ocrx_word' id='word_1_345' title='bbox 524 2408 616 2440; x_wconf 92' lang='lat' dir='ltr'><strong>sicut</strong></span> <span class='ocrx_word' id='word_1_346' title='bbox 641 2412 780 2447; x_wconf 82' lang='lat' dir='ltr'><strong>contra,</strong></span> <span class='ocrx_word' id='word_1_347' title='bbox 807 2418 930 2452; x_wconf 83' lang='lat' dir='ltr'><strong>pacem</strong></span> <span class='ocrx_word' id='word_1_348' title='bbox 954 2413 990 2440; x_wconf 87' lang='lat' dir='ltr'><strong>et</strong></span> <span class='ocrx_word' id='word_1_349' title='bbox 1009 2405 1235 2439; x_wconf 85' lang='lat' dir='ltr'><strong>concordiam</strong></span> <span class='ocrx_word' id='word_1_350' title='bbox 1257 2409 1390 2438; x_wconf 87' lang='lat' dir='ltr'><strong>norunt</strong></span> <span class='ocrx_word' id='word_1_351' title='bbox 1414 2413 1538 2436; x_wconf 78' lang='lat' dir='ltr'><strong>omnes</strong></span> <span class='ocrx_word' id='word_1_352' title='bbox 1561 2412 1636 2435; x_wconf 76' lang='lat' dir='ltr'><strong>esse</strong></span> <span class='ocrx_word' id='word_1_353' title='bbox 1660 2401 1764 2434; x_wconf 85' lang='lat' dir='ltr'><strong>utili-</strong></span> 
     </span>
     <span class='ocr_line' id='line_1_39' title="bbox 337 2447 1763 2497; baseline -0.004 -13"><span class='ocrx_word' id='word_1_354' title='bbox 337 2456 449 2485; x_wconf 80' lang='lat' dir='ltr'><strong>tatem</strong></span> <span class='ocrx_word' id='word_1_355' title='bbox 477 2458 513 2485; x_wconf 86' lang='lat' dir='ltr'><strong>et</strong></span> <span class='ocrx_word' id='word_1_356' title='bbox 542 2453 800 2485; x_wconf 85' lang='lat' dir='ltr'><strong>incrementum</strong></span> <span class='ocrx_word' id='word_1_357' title='bbox 822 2453 1053 2497; x_wconf 80' lang='lat' dir='ltr'><strong>reipublicae.</strong></span> <span class='ocrx_word' id='word_1_358' title='bbox 1114 2453 1219 2486; x_wconf 87' lang='lat' dir='ltr'><strong>Porro</strong></span> <span class='ocrx_word' id='word_1_359' title='bbox 1242 2462 1306 2484; x_wconf 84' lang='lat' dir='ltr'><strong>nos</strong></span> <span class='ocrx_word' id='word_1_360' title='bbox 1332 2450 1473 2483; x_wconf 89' lang='lat' dir='ltr'><strong>nullum</strong></span> <span class='ocrx_word' id='word_1_361' title='bbox 1500 2447 1605 2482; x_wconf 87' lang='lat' dir='ltr'><strong>officii</strong></span> <span class='ocrx_word' id='word_1_362' title='bbox 1632 2458 1763 2480; x_wconf 78' lang='lat' dir='ltr'><strong>munus</strong></span> 
     </span>
     <span class='ocr_line' id='line_1_40' title="bbox 337 2493 1764 2544; baseline -0.004 -13"><span class='ocrx_word' id='word_1_363' title='bbox 337 2499 644 2542; x_wconf 79' lang='lat' dir='ltr'><strong>praetermittere,</strong></span> <span class='ocrx_word' id='word_1_364' title='bbox 690 2501 851 2544; x_wconf 81' lang='lat' dir='ltr'><strong>quamvis</strong></span> <span class='ocrx_word' id='word_1_365' title='bbox 894 2500 970 2543; x_wconf 87' lang='lat' dir='ltr'><strong>ipse</strong></span> <span class='ocrx_word' id='word_1_366' title='bbox 994 2510 1078 2532; x_wconf 92' lang='lat' dir='ltr'><strong>·non</strong></span> <span class='ocrx_word' id='word_1_367' title='bbox 1121 2498 1326 2531; x_wconf 83' lang='lat' dir='ltr'><strong>moderetur</strong></span> <span class='ocrx_word' id='word_1_368' title='bbox 1359 2495 1564 2539; x_wconf 89' lang='lat' dir='ltr'><strong>imperium,</strong></span> <span class='ocrx_word' id='word_1_369' title='bbox 1606 2493 1764 2527; x_wconf 81' lang='lat' dir='ltr'><strong>conabor</strong></span> 
     </span>
     <span class='ocr_line' id='line_1_41' title="bbox 340 2539 1758 2589; baseline -0.003 -13"><span class='ocrx_word' id='word_1_370' title='bbox 340 2544 539 2578; x_wconf 84' lang='lat' dir='ltr'><strong>ostendere.</strong></span> <span class='ocrx_word' id='word_1_371' title='bbox 589 2545 678 2578; x_wconf 89' lang='lat' dir='ltr'><strong>Cum</strong></span> <span class='ocrx_word' id='word_1_372' title='bbox 704 2546 800 2578; x_wconf 90' lang='lat' dir='ltr'><strong>enim</strong></span> <span class='ocrx_word' id='word_1_373' title='bbox 825 2545 895 2578; x_wconf 90' lang='lat' dir='ltr'><strong>duo</strong></span> <span class='ocrx_word' id='word_1_374' title='bbox 921 2547 994 2579; x_wconf 91' lang='lat' dir='ltr'><strong>sint</strong></span> <span class='ocrx_word' id='word_1_375' title='bbox 1013 2546 1266 2589; x_wconf 84' lang='lat' dir='ltr'><strong>imperatorum</strong></span> <span class='ocrx_word' id='word_1_376' title='bbox 1286 2553 1456 2582; x_wconf 85' lang='lat' dir='ltr'><strong>munera,</strong></span> <span class='ocrx_word' id='word_1_377' title='bbox 1487 2550 1617 2580; x_wconf 89' lang='lat' dir='ltr'><strong>unum,</strong></span> <span class='ocrx_word' id='word_1_378' title='bbox 1650 2539 1758 2573; x_wconf 77' lang='lat' dir='ltr'><strong>rebus</strong></span> 
     </span>
     <span class='ocr_line' id='line_1_42' title="bbox 338 2586 1763 2636; baseline -0.004 -13"><span class='ocrx_word' id='word_1_379' title='bbox 338 2590 482 2624; x_wconf 70' lang='lat' dir='ltr'><strong>bellicis</strong></span> <span class='ocrx_word' id='word_1_380' title='bbox 511 2592 696 2635; x_wconf 85' lang='lat' dir='ltr'><strong>occupari,</strong></span> <span class='ocrx_word' id='word_1_381' title='bbox 731 2591 931 2636; x_wconf 86' lang='lat' dir='ltr'><strong>praedones</strong></span> <span class='ocrx_word' id='word_1_382' title='bbox 965 2591 1119 2625; x_wconf 87' lang='lat' dir='ltr'><strong>arcendo</strong></span> <span class='ocrx_word' id='word_1_383' title='bbox 1146 2595 1185 2623; x_wconf 87' lang='lat' dir='ltr'><strong>et</strong></span> <span class='ocrx_word' id='word_1_384' title='bbox 1210 2589 1382 2622; x_wconf 75' lang='lat' dir='ltr'><strong>subiectis</strong></span> <span class='ocrx_word' id='word_1_385' title='bbox 1409 2586 1672 2620; x_wconf 81' lang='lat' dir='ltr'><strong>habitationem</strong></span> <span class='ocrx_word' id='word_1_386' title='bbox 1698 2590 1763 2618; x_wconf 86' lang='lat' dir='ltr'><strong>tu-</strong></span> 
     </span>
     <span class='ocr_line' id='line_1_43' title="bbox 340 2633 1763 2682; baseline -0.005 -12"><span class='ocrx_word' id='word_1_387' title='bbox 340 2641 413 2670; x_wconf 82' lang='lat' dir='ltr'><strong>tam</strong></span> <span class='ocrx_word' id='word_1_388' title='bbox 440 2638 653 2682; x_wconf 85' lang='lat' dir='ltr'><strong>praestando</strong></span> <span class='ocrx_word' id='word_1_389' title='bbox 684 2641 737 2678; x_wconf 87' lang='lat' dir='ltr'><strong>et,</strong></span> <span class='ocrx_word' id='word_1_390' title='bbox 774 2639 805 2670; x_wconf 87' lang='lat' dir='ltr'><strong>si</strong></span> <span class='ocrx_word' id='word_1_391' title='bbox 828 2637 922 2671; x_wconf 85' lang='lat' dir='ltr'><strong>ferro</strong></span> <span class='ocrx_word' id='word_1_392' title='bbox 945 2649 1036 2682; x_wconf 77' lang='lat' dir='ltr'><strong>opus</strong></span> <span class='ocrx_word' id='word_1_393' title='bbox 1061 2638 1128 2677; x_wconf 61' lang='lat' dir='ltr'><strong>sit5</strong></span> <span class='ocrx_word' id='word_1_394' title='bbox 1162 2635 1328 2669; x_wconf 83' lang='lat' dir='ltr'><strong>hostibus</strong></span> <span class='ocrx_word' id='word_1_395' title='bbox 1351 2644 1432 2668; x_wconf 87' lang='lat' dir='ltr'><strong>cum</strong></span> <span class='ocrx_word' id='word_1_396' title='bbox 1454 2633 1615 2666; x_wconf 80' lang='lat' dir='ltr'><strong>exercitu</strong></span> <span class='ocrx_word' id='word_1_397' title='bbox 1640 2641 1763 2665; x_wconf 81' lang='lat' dir='ltr'><strong>occur-</strong></span> 
     </span>
     <span class='ocr_line' id='line_1_44' title="bbox 333 2678 1764 2730; baseline -0.004 -13"><span class='ocrx_word' id='word_1_398' title='bbox 333 2682 470 2718; x_wconf 71' lang='lat' dir='ltr'><strong>sendo:</strong></span> <span class='ocrx_word' id='word_1_399' title='bbox 515 2683 685 2725; x_wconf 85' lang='lat' dir='ltr'><strong>alterum,</strong></span> <span class='ocrx_word' id='word_1_400' title='bbox 719 2688 879 2729; x_wconf 84' lang='lat' dir='ltr'><strong>tempore</strong></span> <span class='ocrx_word' id='word_1_401' title='bbox 911 2684 1010 2730; x_wconf 76' lang='lat' dir='ltr'><strong>pacis</strong></span> <span class='ocrx_word' id='word_1_402' title='bbox 1042 2684 1115 2717; x_wconf 89' lang='lat' dir='ltr'><strong>iuri</strong></span> <span class='ocrx_word' id='word_1_403' title='bbox 1151 2687 1188 2717; x_wconf 90' lang='lat' dir='ltr'><strong>et</strong></span> <span class='ocrx_word' id='word_1_404' title='bbox 1213 2681 1354 2727; x_wconf 72' lang='lat' dir='ltr'><strong>legibus</strong></span> <span class='ocrx_word' id='word_1_405' title='bbox 1386 2678 1576 2715; x_wconf 83' lang='lat' dir='ltr'><strong>intendere</strong></span> <span class='ocrx_word' id='word_1_406' title='bbox 1604 2678 1764 2721; x_wconf 64' lang='lat' dir='ltr'><strong>animum</strong></span> 
     </span>
    </p>
   </div>
  </div>
 </body>
</html>
