1832 3138
307 148 326 184 1
340 127 412 195 54
833 143 1202 188 CANTAcUzEm

101 250 285 287 A.C.1322
303 244 559 302 φθαρμένων
594 243 828 299 ἀνθρώπων
851 242 1092 300 ἀπατηθεὶς,
1123 243 1341 300 εἴργασται
1368 242 1397 286 ἃ
1419 243 1480 300 μῆ
1506 243 1614 298 δέον,
1641 239 1733 287 ἄλλ’

297 307 417 363 ἡμεῖς
444 323 490 362 γε
511 308 657 362 γονέας
681 323 725 350 τε
768 306 924 358 εἰδότες
954 311 1077 367 τιμᾷν
1114 308 1187 351 καί
1219 305 1271 352 ἄν
1323 325 1366 352 τι
1393 309 1466 352 καί
1487 307 1731 362 ἆδικώμεθα

256 380 283 412 Β
298 374 525 426 ἀνέχεσθαι
538 406 551 426 ,
590 369 686 415 ὅσον
708 369 761 415 ἂν
781 373 994 430 παράσχοι
1018 372 1137 428 θεὸς,
1165 375 1492 429 βουλευσάμενοι
1524 373 1732 432 δράσομεν

297 436 396 493 περὶ
430 439 512 479 τῶν
547 440 880 494 προκειμένων.”
926 438 949 481 ὅ
980 441 1058 493 μὲν
1097 436 1174 481 οὖν
1207 441 1378 496 πρέσβις
1403 433 1594 496 τοιαύτης
1626 439 1732 482 α’πο-

296 503 471 558 κρίσεως
497 501 611 559 παρὰ
635 506 840 557 βασιλέως
859 502 1002 559 τυχών
1017 538 1030 558 ,
1069 500 1257 560 ἀπῆλθεν
1284 505 1344 554 εἷς
1372 505 1418 546 τὸ
1451 501 1759 560 στρατόπεδον5

297 567 354 616 ὥς
376 569 467 610 ἐκεῖ
493 570 734 625 περιμενῶν,
769 563 891 625 ἄχρις
919 565 972 612 ἂν
1003 568 1026 611 ὅ
1044 567 1244 625 βασιλευς
1270 565 1601 623 βουλευσάμενος
1626 566 1733 609 ’ἄπο-

295 635 484 689 κρίνηται
507 636 604 690 περὶ
630 636 704 689 τῆς
722 633 893 690 εἶνὴνης.
931 634 954 677 ὅ
975 633 1174 689 βασιλεύς
1205 636 1253 675 δ’
1278 631 1368 687 ἅμα
1392 634 1449 691 τῷ
1471 631 1638 691 μεγάλῳ
1662 634 1734 674 δο-

293 698 494 756 μεστίκῳ,
529 694 575 752 ὅ,
602 715 641 742 τι
661 697 745 755 χρὴ
769 698 1036 753 ἐβουλεύοντο
1067 700 1262 756 πράττειν
1283 700 1381 755 περὶ
1407 700 1491 741 τῶν
1512 698 1733 755 προκειμέ-

293 781 399 823 νων,
428 761 584 820 ὅπωςῆ
615 764 755 822 εἰρήνη
779 767 932 820 γένοιτο
947 764 1118 820 τοιαύτη
1145 766 1415 819 σκοποῦντες,
1444 762 1502 814 ὦς
1521 763 1733 819 μηδεμίαν

292 827 504 886 πρόφασιν
534 828 646 883 ἔχειν
683 831 782 879 τοὺς
820 829 1083 887 συκοφάντας
1116 828 1218 887 πρὸς
1255 825 1459 884 ἀλλήλους
1489 826 1785 883 διαβάλλεινιο

291 893 392 944 τούς
422 896 623 949 βασιλέας
647 896 720 937 καί
745 895 924 949 πόλεμον
950 894 1022 938 ἐπὶ
1049 895 1159 953 λύμῃ
1193 896 1276 937 τῶν
1299 895 1446 937 κοινῶν
1478 891 1733 951 πραγμάτων

292 964 433 1001 κινεῖν.
475 958 611 1002 ἐδόκει
633 959 683 1016 δη
703 964 932 1004 λυσιτελεῖν
957 957 1102 1010 αὕτοῖς
1131 976 1173 1003 τε
1195 959 1303 1014 ὁμοῦ
1322 958 1394 1001 καί
1421 957 1498 1016 τὴν
1525 954 1732 1015 στρατιὰν

253 1022 363 1066 (2καί
391 1021 533 1074 πόλεις
568 1022 707 1074 πάσας
736 1027 808 1067 καί
839 1024 915 1081 τήν
946 1025 1146 1081 διοίκησιν
1175 1027 1258 1069 τῶν
1294 1025 1444 1068 κοινῶν
1478 1020 1731 1081 πραγμάτων

287 1090 346 1146 τῷ
375 1092 548 1143 βασιλεῖ
573 1090 903 1146 ἐπιτρέψαντας,
943 1089 1099 1140 αὐτούς
1134 1090 1209 1133 ὑπ’
1231 1091 1384 1133 ἐκεῖνον
1416 1084 1622 1145 ἄγεσθαι,
1659 1086 1735 1131 καὶ

286 1156 348 1204 εἰς
377 1151 588 1209 ὑπηκόους
623 1159 759 1197 τελεῖν
799 1154 850 1198 τοὶ
883 1153 1218 1212 προσταττόμενα
1250 1157 1570 1212 ἐκπληροῦντας’
1619 1149 1783 1202 viia-0⁰15

284 1217 363 1275 γὰρ
395 1218 490 1269 τοὺς
525 1221 824 1274 διαβάλλοντας
859 1221 1007 1278 χώραν
1043 1219 1244 1275 οὐδεμίαν
1281 1216 1332 1264 ἂν
1369 1226 1510 1276 σχεῖν,
1562 1218 1730 1264 πάντων

285 1283 400 1337 ὁμοῦ
417 1282 648 1341 χρημάτων
674 1284 756 1327 ὑπὸ
777 1287 854 1328 τοῦ
877 1287 1162 1343 πρεσβυτέρου
1188 1287 1395 1340 βασιλέως
1417 1286 1729 1339 διοικουμένων.

285 1350 346 1399 εἷς
379 1347 454 1404 τὴν
485 1349 713 1406 ὑστεραίαν
741 1351 787 1392 δὲ
816 1349 839 1392 ὅ
870 1353 962 1400 νέος
994 1350 1193 1405 βασιλευς
1221 1350 1319 1402 τοὺς
1355 1352 1401 1393 ἐν
1431 1352 1542 1394 τέλει
1570 1349 1730 1400 πάντας

283 1416 360 1456 καί
391 1412 599 1470 ἡγεμόνας
636 1414 708 1458 καί
734 1413 834 1466 τούς
866 1415 1047 1471 λογάδας
1079 1419 1154 1472 τῆς
1194 1417 1390 1473 στρατιᾶς
1419 1417 1478 1467 εἷς
1510 1415 1730 1472 ἐκκλησίαν

284 1478 552 1535 συναγαγών,
579 1477 669 1523 εἶπε
694 1481 849 1523 τοιοίδε·
899 1480 987 1536 ,,τα“
1016 1484 1062 1524 ἐκ
1082 1485 1158 1524 τοῦ
1186 1482 1369 1536 πολέμου
1394 1479 1582 1539 φυόμενα
1620 1478 1784 1531 ’cannino

284 1545 358 1597 καί
381 1545 563 1599 μάλιστα
592 1547 671 1588 τοῦ
693 1547 926 1604 ἐμφυλίου,
975 1549 1048 1590 καί
1069 1547 1328 1602 πολλαχόθεν
1347 1549 1427 1601 μὲν
1453 1542 1633 1590 ἄλλοθεν
1660 1544 1729 1597 ἔξ-

283 1626 373 1653 εστι
400 1615 688 1666 καταμαθεῖν,
741 1612 928 1666 μάλιστα
960 1613 1004 1654 δ’
1030 1608 1081 1655 ἅν
1110 1629 1175 1663 τις
1207 1611 1317 1655 αὐτὰ
1346 1611 1507 1655 κατίδοι
1539 1610 1614 1655 καὶ
1646 1610 1729 1654 ἀπὸ

283 1678 363 1717 τοῦ
387 1676 482 1719 νυνὶ
514 1677 619 1730 ἐμοῦ
651 1692 698 1719 τε
725 1676 884 1730 μεταξὺ
917 1679 991 1719 καί
1015 1678 1220 1731 βασιλέως
1251 1678 1490 1733 κινηθέντος
1527 1677 1729 1731 πολέμου.

283 1741 329 1782 ἐν
361 1739 442 1798 γὰρ
475 1740 596 1799 ὀλίγῳ
618 1742 760 1800 χρόνῳ
794 1744 997 1785 τοσοῦτον
1026 1743 1153 1786 advoc
1181 1739 1259 1802 ὑφ’
1290 1739 1728 1801 ἓαυτῶνδιεφθειρα-

282 1854 352 1876 nec
372 1852 431 1876 me
454 1842 568 1876 ullam
586 1842 642 1876 illi
661 1843 833 1888 irrogasse
859 1842 1055 1884 iniuriam,
1093 1847 1130 1878 et
1152 1844 1398 1879 criminatores
1419 1842 1465 1878 ad
1492 1854 1551 1877 me
1576 1843 1725 1878 iniuriis

285 1889 508 1924 onerandum
529 1889 625 1922 nihil
645 1890 777 1923 fecisse
797 1891 942 1936 reliqui,
988 1892 1034 1924 Et
1054 1891 1216 1936 quamvis
1239 1892 1304 1924 ille
1335 1902 1356 1923 a
1380 1890 1534 1936 perditis
1562 1889 1725 1924 homini-

284 1935 352 1968 bus
370 1936 560 1980 deceptus,
587 1936 631 1968 ab
660 1936 781 1969 officio
803 1937 986 1976 discessit,
1012 1943 1131 1970 tamen
1153 1949 1218 1970 nos
1231 1961 1242 1978 ,
1271 1937 1336 1982 qui
1359 1942 1526 1981 parentes
1546 1935 1726 1970 honorare

286 1987 344 2021 et,
368 1982 458 2014 licet
477 1982 521 2014 ab
546 1982 592 2015 iis
614 1982 721 2015 etiam
742 1983 890 2028 indigne
911 1982 1126 2023 habeamur,
1154 1986 1300 2017 sufferre
1326 1994 1367 2016 ac
1386 1984 1528 2028 perpeti
1544 1984 1723 2024 novimus,

285 2039 361 2061 rem
382 2027 646 2072 perpendemus
667 2033 715 2069 et,
743 2035 918 2075 quantum
942 2029 1039 2062 Deus
1067 2029 1306 2070 concesserit,
1329 2029 1510 2062 faciemus.
1557 2029 1725 2075 Legatus,

285 2073 418 2117 adepto
441 2073 511 2107 hoc
539 2086 724 2119 responso,
753 2076 792 2109 in
819 2080 934 2109 castra
967 2076 1080 2116 abiit,
1114 2080 1383 2120 exspectaturus
1415 2075 1493 2116 ibi,
1528 2075 1614 2109 dum
1639 2081 1724 2120 post

286 2121 590 2153 consultationem
614 2121 703 2154 certi
726 2121 868 2166 aliquid
885 2121 1073 2165 acciperet.
1121 2122 1322 2166 Imperator
1346 2133 1427 2155 cum
1443 2133 1571 2167 magno
1597 2121 1724 2156 dome-

287 2167 400 2206 stico,
427 2167 517 2211 quid
543 2167 581 2199 in
616 2178 654 2200 re
677 2168 856 2211 praesenti
882 2178 986 2212 agere
1018 2169 1207 2201 conveniat
1240 2168 1399 2214 exquirit
1437 2173 1474 2201 et
1504 2167 1721 2209 considerat,

288 2223 443 2258 quanam
477 2214 618 2246 ratione
649 2212 825 2246 eiusmodi
861 2225 932 2258 pax
963 2215 1222 2255 constituatur,
1257 2225 1328 2259 qua
1361 2213 1640 2259 imperatoribus
1674 2213 1722 2248 de

287 2259 401 2291 altero
425 2258 520 2302 apud
542 2260 692 2292 alterum
716 2259 929 2294 detrahendi
953 2260 1163 2305 bellumque
1187 2271 1268 2293 cum
1291 2261 1453 2306 pernicie
1481 2261 1534 2294 rei
1549 2260 1722 2306 publicae

288 2304 535 2338 commovendi
561 2304 790 2349 sycophantis
816 2307 929 2339 omnis
961 2308 1099 2340 occasio
1124 2306 1362 2350 praecidatur.
1413 2307 1606 2347 Statutum,
1630 2318 1719 2340 cou-

289 2350 439 2390 (lucere,
465 2352 495 2383 si
519 2352 626 2384 simul
649 2353 808 2396 seipsos,
833 2353 1052 2394 exercitum,
1076 2353 1182 2386 urbes
1207 2353 1390 2386 universas
1405 2377 1415 2393 ‚
1438 2354 1550 2386 totius
1573 2353 1720 2397 imperii

289 2396 544 2450 gubernacula,
569 2398 646 2430 seni
671 2397 909 2439 committant,
937 2410 958 2431 a
983 2411 1054 2444 quo
1081 2410 1146 2444 pro
1174 2399 1347 2432 subiectis
1370 2404 1537 2444 regantur
1559 2404 1596 2432 et
1618 2400 1720 2432 cuius

289 2453 384 2475 mssa
407 2442 584 2477 factitent.
634 2444 693 2476 Sic
726 2444 791 2476 illo
830 2445 906 2477 solo
933 2456 1052 2478 rerum
1077 2446 1243 2485 domino,
1279 2446 1465 2478 materiam
1490 2444 1719 2478 obtrectandi

287 2489 427 2522 nullam
452 2490 540 2523 fore.
588 2490 658 2524 Die
682 2495 826 2535 postero
850 2492 1047 2535 imperator
1082 2492 1212 2525 coactis
1247 2492 1287 2524 in
1319 2492 1530 2524 concionem
1561 2492 1720 2536 optima-

287 2535 387 2567 tibus
411 2546 452 2568 ac
475 2535 628 2569 ducibus
655 2537 830 2570 universis
874 2548 953 2569 cum
988 2537 1076 2571 flore
1099 2538 1298 2578 exercitus,
1334 2536 1403 2570 hoc
1427 2538 1581 2570 maxime
1608 2536 1717 2570 modo

289 2580 482 2615 disseruit:
519 2582 622 2627 Quae
652 2583 879 2616 incommoda
901 2583 1021 2625 bello,
1052 2595 1093 2617 ac
1116 2583 1324 2629 praesertim
1359 2583 1480 2624 civili,
1518 2583 1719 2628 importen-

288 2632 368 2668 tur,
391 2639 471 2661 cum
497 2628 643 2662 aliunde
666 2629 787 2662 multis
811 2629 984 2674 exemplis
999 2655 1009 2671 ,
1041 2635 1118 2663 tum
1141 2631 1350 2674 praesertim
1379 2641 1423 2663 ex
1446 2640 1489 2663 eo
1514 2629 1719 2674 perspicere

289 2673 417 2714 datur,
453 2675 552 2720 quod
584 2686 680 2708 nunc
718 2677 812 2708 inter
845 2686 902 2708 me
934 2686 1110 2722 avumque
1143 2686 1263 2710 meum
1300 2676 1436 2722 flagrat.
1492 2676 1596 2710 Brevi
1620 2675 1717 2709 enim

288 2724 448 2765 tempore
483 2726 621 2755 mutum
655 2722 725 2769 ipsi
761 2722 963 2767 potentiam
997 2727 1155 2758 nostram
1189 2723 1410 2766 attrivimus,
1443 2726 1617 2769 quantum
1649 2731 1718 2756 nec
