1832 3138
520 114 895 163 H1ST0R1ARUM
939 124 972 162 1.
1015 121 1081 168 16.
1462 95 1529 172 75

95 219 195 267 οὖδὲ
216 222 342 281 τριῶν
369 220 526 277 ὅβολῶν
549 221 738 278 ἐθελήσω
761 221 974 266 λύσασθαι
1007 225 1080 278 τῆς
1103 222 1273 270 δουλίας
1287 237 1299 250 ·
1343 215 1434 264 εἶτα
1460 235 1532 274 μι-
1543 224 1623 261 A.C.
1642 222 1722 260 1321

92 287 197 347 κρὸν
225 285 396 344 προβὰς,
422 286 604 344 ,,ὃρᾶτε”
633 287 715 345 ἔφη
750 285 853 344 πρὸς
891 287 991 337 τοὺς
1015 286 1229 344 παρόντας
1256 282 1400 342 ,,ὅπως
1444 291 1533 336 τοῖς

90 355 209 409 ἒμοῖς
242 349 378 409 λόγοις
415 347 538 404 οὗτος
574 350 900 411 συμμαρτυρεῖ,
929 352 1106 409 σκληρὸς
1138 348 1198 395 ὢν
1239 351 1314 394 καί
1339 348 1535 407 αὖθάδης

89 417 166 461 καί
185 419 294 475 πέρα
318 419 396 462 τοῦ
417 419 584 470 δέοντος
603 419 802 472 οἷλαζαὶνς
830 413 912 475 ἤδη
947 417 1023 461 καί
1051 418 1154 472 ὑμῖν
1185 420 1274 460 ἐστι
1305 419 1457 475 σαφῶς
1489 418 1536 459 ἐκ

61 484 172 528 5ταῖν
206 481 464 541 πραγμάτων
511 487 817 540 καταμαθεῖν.”
851 482 874 528 ὅ
913 485 1006 534 νέος
1040 484 1080 525 δ’
1113 481 1401 538 Ἀνδρόνικος,
1441 484 1535 538 »ἐπ’

88 551 320 608 α’ληθείαξ’
346 545 460 595 εἶπεν
486 546 553 607 „ui
573 553 763 607 βασιλεῦ’,
793 545 885 594 οὔτε
910 547 1089 606 σκληρός
1114 549 1207 603 εἰμι’
1223 566 1298 603 τις,
1327 543 1425 592 οὔτε
1458 545 1537 591 αὗ-

86 614 239 674 θάδης,
265 613 376 661 ἀλλὰ
397 617 481 660 τῶν
505 619 620 672 ε’μῶν
634 617 851 674 ἁμαρτιῶν
874 613 896 658 ὅ
919 614 1057 673 σωρὸς
1085 617 1272 658 τοιοῦτον
1302 611 1409 658 εἶναι
1434 617 1538 672 φαί-

85 682 243 727 νεσθαί
267 699 335 726 σοι
370 687 496 726 ποιεῖ’·
521 681 602 738 ε’γώ
628 684 670 726 δ’
707 682 780 724 ἒπί
807 681 997 739 μάρτυρι
1023 683 1129 736 λέγω
1158 681 1218 738 τῷ
1241 678 1369 722 εἰδότι
1394 679 1531 723 πάντα
1550 698 1582 731 D

84 745 193 807 θεῷ,
221 748 280 799 ὥς
302 745 427 792 οῦδὲν
446 749 635 792 τοιοῦτον
655 749 825 806 ἐμαυτῷ
850 747 1023 791 σύνοιδα
1045 748 1302 805 εἰργασμένῳ
1332 744 1395 795 ὥς
1419 740 1535 797 ἄξιον

35 810 196 860 melma
217 816 292 872 τῆς
311 814 515 872 τοσαύτης
537 813 677 872 ὄργῆς.
705 813 770 857 διὸ
802 812 855 871 δὴ
880 815 955 857 καί
983 815 1133 868 δέομαι
1159 814 1235 856 τοῦ
1259 813 1336 855 σοῦ
1357 811 1535 869 κράτους

83 879 331 938 συῃνοόμης
355 876 433 924 κᾶν
459 897 504 925 τε
521 878 710 938 ἥμαρτον
731 886 901 936 τυχεῖν,
932 873 1011 923 κῖἱν
1035 895 1079 922 τε
1103 878 1175 935 μή.
1204 876 1310 936 πρὸς
1333 877 1435 928 τούς
1457 876 1534 920 πό-

84 949 164 998 δας
182 945 262 1004 γὰρ
287 946 582 1005 ἔφίεμαιτούς
608 945 713 1006 σούς
733 947 1006 1001 οἷποθανεῖν,”
1035 942 1341 1000 αἰνιττόμενος,
1370 943 1428 994 ὥς
1457 943 1534 986 οὐκ

83 1008 139 1056 ἂν
164 1011 294 1056 αὐτοῦ
313 1011 558 1070 βουλήσοιτο
591 1013 827 1070 ἀποστῆναι
855 1011 990 1069 χωρίς
1010 1008 1200 1068 ἀνάγκης.
1230 1007 1321 1066 ἅμα
1355 1011 1402 1053 δὲ
1433 1008 1534 1052 τού-

82 1094 172 1130 τοις
196 1085 286 1130 τοΐς
316 1077 453 1135 λόγοις
488 1080 564 1123 καί
597 1077 705 1136 πρὸς
740 1080 818 1136 γῆν
841 1079 1097 1122 κατεκλίνετο
1136 1075 1427 1132 ἀσπασόμενος
1460 1074 1533 1119 τὸν

32 1143 194 1192 ι5πόδα
215 1146 292 1189 τοῦ
315 1149 536 1202 βασιλέως.
565 1145 590 1190 ὅ
611 1148 653 1189 δ’
677 1142 819 1201 α’νεῖχε
841 1142 1069 1200 λαβόμενος
1088 1146 1164 1188 τοῦ
1185 1139 1304 1199 ὤμου
1317 1178 1329 1198 ,
1359 1139 1447 1198 ἅμα
1461 1144 1535 1185 καί

79 1209 218 1267 λόγοις
235 1210 282 1255 τὸ
306 1210 428 1269 ἔργον
449 1211 736 1270 ἀπαγορεύων·
765 1211 824 1262 ὥς
846 1212 882 1254 δ’
906 1208 1019 1269 ἑώρα
1038 1210 1298 1267 βιαζόμενον,
1315 1210 1441 1267 α’φείς
1461 1205 1532 1252 τόν

78 1273 210 1332 ὦμον,
239 1277 410 1335 ἐλάβετο
446 1279 529 1322 τῶν
550 1279 722 1337 τριχῶν·
751 1278 810 1329 ὥς
833 1279 880 1321 δὲ
904 1280 977 1321 καὶ
1009 1274 1148 1329 οὕτως’
1165 1276 1354 1333 ἐβιάζετο
1362 1311 1375 1330 ,
1407 1273 1533 1333 άφει-

79 1345 166 1387 δῶν
185 1341 354 1399 ἑαυτοῦ,
385 1341 526 1395 δειῢας
549 1343 571 1388 ὅ
599 1342 775 1399 πάππος,
794 1342 854 1400 μὴ
881 1345 934 1402 τῇ
957 1342 1030 1404 βία
1051 1346 1126 1400 τῆς
1143 1345 1329 1401 κεφαλῆς
1350 1343 1572 1396 &monz-p,
1585 1359 1632 1396 50

78 1427 148 1456 σιν
175 1409 222 1454 αἱ
258 1409 425 1468 τρίχες,
453 1412 628 1455 ἐνέδωκε
659 1410 735 1468 τὴν
756 1410 1024 1454 κατάκλισιν·
1067 1407 1089 1453 ὅ
1123 1412 1171 1454 δὲ
1201 1407 1463 1459 κατακλιθεὶς
1479 1405 1531 1464 ῆ-

23 1475 268 1525 Ωοσπάσατο
291 1475 366 1520 τὸν
386 1475 498 1520 πόδα
516 1479 594 1520 τοῦ
614 1480 836 1532 βασιλέως.
863 1473 938 1520 εἶτ’
963 1475 1220 1526 ἀναστάντος
1240 1477 1319 1532 τῆς
1341 1475 1528 1532 κεφαλῆς

77 1541 308 1598 λαβόμενος
329 1539 352 1584 ὅ
379 1538 593 1598 βασιλεύς,
621 1542 837 1602 κατεφίλει
860 1541 937 1595 τάς
966 1537 1100 1599 ὄψεις.
1125 1544 1244 1586 τοῦτο
1267 1539 1319 1598 δὴ
1338 1538 1359 1583 ὅ
1377 1557 1530 1597 πατρι-

77 1607 213 1666 άρχης
238 1610 312 1652 καί
331 1606 370 1652 οἱ
395 1609 471 1665 τῆς
496 1607 730 1666 συγκλήτου
762 1609 966 1668 παρόντες
1008 1607 1168 1659 ἰδόντες
1198 1610 1272 1650 καί
1302 1608 1530 1662 διαλλαγῆς

75 1673 288 1728 ἀπόδειξιν
307 1676 552 1730 νομίσαντες
564 1670 644 1733 ῆδη
665 1678 841 1731 βεβαίας
852 1677 936 1719 τῶν
954 1675 1175 1732 βασιλέων,
1191 1670 1347 1723 πολλὰς
1358 1668 1528 1729 άφῆκαν

75 1787 254 1834 redigere.
300 1789 375 1835 Ego
402 1800 487 1824 vero
510 1800 580 1824 nec
600 1789 718 1824 tribus
739 1789 857 1824 obolis
872 1815 883 1832 ,
907 1790 938 1824 si
961 1790 1108 1835 possim,
1131 1793 1170 1823 te
1196 1799 1217 1823 e
1242 1788 1414 1822 servitute
1440 1797 1525 1820 exe-

74 1837 214 1870 merim.
263 1835 407 1871 Dehinc
427 1837 617 1883 paululum
639 1848 868 1883 progressus,
905 1837 1062 1871 Cernitis
1078 1863 1088 1878 ,
1122 1836 1246 1882 inquit
1273 1835 1319 1869 ad
1349 1845 1524 1880 praesen-

73 1888 154 1925 tes,
178 1882 483 1930 quemadmodum
507 1884 576 1918 iste
600 1885 720 1918 verbis
745 1884 836 1920 meis
860 1883 970 1918 fidem
995 1884 1180 1924 conciliet,
1203 1887 1398 1917 contumax
1419 1880 1524 1915 vide·-

71 1929 184 1972 licet,
207 1940 246 1964 se
269 1931 457 1976 magnifice
481 1931 796 1977 circumspiciens,
821 1936 859 1965 et
881 1930 1077 1965 immodice
1113 1929 1304 1976 arrogans?
1333 1928 1444 1975 Quod
1478 1938 1525 1962 ex

73 1987 114 2016 re
138 1978 217 2024 ipsa
238 1977 344 2012 vobis
376 1978 465 2012 licet
495 1976 646 2012 discere.
696 1977 856 2012 Subiicit
885 1978 1029 2012 iunior:
1064 1977 1243 2024 Equidem
1276 1987 1399 2021 neque
1433 1986 1523 2008 con-

74 2028 199 2058 tumax
224 2035 323 2067 sum,
354 2035 476 2072 neque
505 2023 676 2059 mihimet
702 2030 893 2071 tantopere
917 2025 1071 2069 plaudo,
1099 2024 1162 2058 sed
1184 2022 1413 2057 multitudini
1437 2032 1525 2067 pcc-

74 2076 237 2106 catorum
266 2082 430 2111 meorum
465 2077 653 2117 acceptum
686 2072 827 2113 refero,
860 2071 959 2117 quod
992 2073 1076 2105 talis
1113 2071 1183 2105 tibi
1207 2071 1344 2105 videar.
1393 2069 1525 2103 Testor

74 2117 214 2161 Deum,
239 2129 348 2164 quem
371 2118 469 2152 nihil
493 2119 602 2160 latet,
638 2116 736 2152 haud
761 2130 819 2152 me
842 2119 955 2152 ullam
981 2119 1125 2163 culpam
1149 2118 1202 2154 ira
1226 2123 1289 2151 tua
1313 2122 1386 2151 tam
1409 2116 1525 2149 atroci

74 2164 217 2211 dignam
242 2166 510 2204 commeruisse.
559 2165 792 2212 Quapropter
815 2167 1017 2210 potentiam
1039 2170 1138 2200 tuam
1163 2165 1312 2200 obsecro
1327 2189 1337 2206 ,
1362 2175 1427 2197 seu
1451 2173 1523 2196 no-

72 2213 155 2246 xius
187 2224 251 2247 seu
283 2213 454 2253 innoxius
485 2222 590 2256 sum,
629 2212 721 2246 mihi
756 2214 937 2258 ignoscas:
974 2212 1020 2246 ad
1049 2217 1131 2246 tuos
1168 2213 1266 2245 enim
1293 2210 1404 2257 pedes
1429 2210 1523 2243 mori

72 2259 180 2305 cupio
215 2259 461 2307 (significans,
492 2270 568 2293 non
598 2259 671 2294 nisi
705 2265 867 2293 coactum
901 2259 946 2294 ab
976 2272 1019 2294 eo
1044 2257 1294 2304 recessurum).
1341 2259 1388 2292 Et
1411 2255 1522 2291 simul

69 2317 152 2340 cum
175 2306 246 2342 hoc
269 2307 368 2342 dicto
393 2307 440 2341 ad
462 2312 595 2340 terram
611 2306 888 2353 procumbebat,
913 2308 968 2342 avi
991 2307 1121 2351 pedem
1143 2306 1379 2348 osculaturus3
1410 2313 1520 2350 quem

69 2352 134 2390 ille
157 2352 316 2388 humeris
342 2355 420 2393 eius
445 2353 615 2388 obnitens
639 2353 862 2395 abstinebat,
886 2365 927 2388 ac
954 2365 1042 2388 voce
1066 2355 1155 2387 item
1177 2352 1410 2399 prohibebat,
1434 2355 1520 2384 tan-

73 2398 407 2447 demq11e‚amplius
431 2401 630 2435 luctantem
660 2401 802 2446 capillis
824 2401 1016 2436 retinebat.
1066 2401 1156 2434 Cum
1193 2399 1302 2434 etiam
1335 2399 1388 2433 sic
1425 2397 1519 2431 sibi·-

69 2451 147 2480 met
168 2452 243 2495 non'
265 2459 436 2498 parcens,
459 2449 495 2482 vi
519 2459 657 2482 summa
681 2453 866 2493 pergeret,
891 2453 1056 2482 metucns
1078 2458 1184 2489 avus,
1220 2457 1268 2480 ne
1293 2446 1357 2485 illa
1379 2445 1521 2478 violen-

70 2493 125 2526 tia
148 2494 264 2528 crines
297 2506 319 2528 a
353 2495 488 2529 vertice
520 2494 816 2531 abstraherentur
836 2519 846 2537 ‚
872 2501 1003 2532 terram
1025 2500 1151 2540 petere
1182 2498 1221 2527 et
1243 2490 1328 2537 pedi
1353 2491 1519 2526 osculum

70 2539 181 2584 figere
206 2542 388 2586 permisit,
411 2547 690 2589 surgentemque
711 2542 828 2587 capite
847 2541 1142 2586 apprehendens,
1177 2540 1300 2574 oculos
1338 2540 1415 2572 eius
1450 2537 1517 2570 de-

71 2586 252 2620 osculatus
284 2594 347 2622 est.
372 2603 375 2606 ⁴
396 2588 480 2635 Quo
514 2594 728 2633 conspecto,
761 2588 963 2634 patriarcha
994 2589 1131 2634 quique
1167 2586 1319 2621 aderant
1350 2594 1517 2630 proceres

71 2630 143 2672 hoc
166 2633 314 2669 minime
339 2634 494 2670 dubium
520 2635 783 2680 redintegratae
807 2636 903 2670 inter
935 2636 1167 2679 imperatores
1199 2633 1381 2666 amicitiae
1409 2642 1517 2676 argu-

72 2684 236 2713 mentum
259 2682 348 2721 rati,
388 2682 615 2729 ingeminatis
639 2683 790 2718 vocibus
828 2683 906 2718 Deo
938 2683 1035 2728 pacis
1060 2681 1222 2726 largitori
1249 2680 1377 2724 gratias
1401 2688 1514 2724 agere.

73 2724 175 2775 Quin
204 2732 241 2763 et
264 2726 385 2766 iunior
408 2731 603 2776 imperator
630 2741 711 2765 cum
738 2741 864 2776 magno
889 2729 1086 2771 domestico
1114 2733 1150 2767 ct
1174 2731 1432 2775 protostratore
1456 2734 1525 2760 se-·
