1832 3138
540 94 916 139 ms'romAmm
956 99 989 140 1.
1033 102 1069 147 7.
1455 79 1487 138 3
1502 100 1520 136 1

0 262 2 264 v
64 198 107 266 &¹oe
107 211 219 253 ρυσα
242 192 568 253 προσευχόμενος
584 196 642 255 τῶ
658 197 756 254 θεῷ,
777 214 884 239 ωστε
905 214 954 241 σε
977 216 1045 241 και
1042 198 1327 281 ’γεννηθῆναι,
1346 202 1420 244 και
1438 203 1528 257 γέν..
1538 216 1577 252 Α
1581 216 1618 252 c
1637 216 1724 255 1325

2 268 4 270 ’
60 265 260 324 ῥηθέντα
275 261 360 305 τὸν
377 261 491 316 ἕμὸν
516 257 655 317 εὗχῶν
674 257 787 314 αξιον
804 259 1021 319 ἀποβῆναι.
1048 263 1095 308 ὃν
1109 282 1185 308 ουν
1205 265 1269 309 ἔτι
1282 272 1369 318 τοῖς
1379 283 1566 326 unqu-13

63 332 178 380 κοῖς
184 326 403 404 &uiduata-
409 327 723 384 ἕνδιατριβοντα
742 325 875 379 οὕτως
894 328 1074 386 ἐφίλησα
1088 348 1156 373 και
1175 333 1280 390 υπὲρ
1303 331 1350 375 τὸ
1363 335 1529 414 μέτρον,

62 394 171 444 πῶς
193 393 259 444 εἷς,
277 393 474 436 τοσοῦτον
503 393 668 449 ἡλικώις
687 396 917 452 προήκοντα
939 397 1016 438 νῦν
1041 402 1181 450 μισεῖν
1206 394 1330 452 εἶχον
1342 415 1411 442 και
1427 395 1530 442 ἀπο-

47 457 295 512 ὕσεώσθαις
323 453 400 502 οὔκ
416 456 508 502 ἔστι
522 458 606 502 σὺν
627 458 730 518 λόγω
759 461 1021 518 φθέγγεσθαι
1041 462 1191 504 ταῦτα.
1218 460 1265 504 τὸ
1289 465 1337 506 δέ
1354 480 1408 518 με
1429 482 1530 521 τρα-

72 525 278 583 χυέέραις
299 525 487 583 χρῆσθαι
513 530 605 576 ταῖς
635 526 886 583 διορθώσεσι
910 543 980 569 και
1006 527 1206 570 δάκνουσι
1236 528 1530 573 καθάπτεσθαι

75 589 223 648 λόχοις,
247 605 298 633 ου
284 585 471 645 ’μίσους
495 592 716 649 τεκμήριον
746 589 830 649 χρὴ
859 595 1093 653 ποιεισθαι,
1141 609 1272 650 ακρας
1293 595 1340 635 δὲ
1373 597 1531 647 μᾶλλον

76 655 239 712 aydam
261 654 337 703 καὶ
361 657 607 713 κηδεμονίας
629 657 761 715 πατρὶ
780 657 1042 716 πρεπούσης,
1070 661 1308 718 βουλομένω
1338 658 1412 703 τὸν
1436 659 1531 705 υἱὸν

77 720 151 765 διὰ
173 719 342 766 πάντων
361 737 534 779 αριστον
556 719 677 778 εἶναι,
718 723 791 766 καί
810 723 994 778 μάλιστα
1015 722 1116 781 πρὸς
1138 739 1256 779 ογκον
1280 724 1531 782 τηλικαυτης

43 784 214 845 ..ἀρχῆς
242 786 510 842 ἐπιβαίνοντα
530 782 626 845 ηδη.
662 790 710 832 ἐν
729 789 871 848 ἐκείνω
894 788 971 847 γὰρ
1000 806 1069 832 και
1089 787 1136 832 τὸ
1161 788 1423 849 φαυλότατον
1446 809 1531 834 των

74 853 390 912 ἁμαρτημάτων
423 849 521 911 παρ’
541 851 592 897 εὖ
618 857 821 912 φρονοῦσι
844 857 1040 911 μέγιστον
1068 851 1120 899 ἂν
1146 856 1310 914 κριθείη
1318 891 1330 911 ,
1365 857 1436 907 ὀἷς
1456 856 1528 911 μιζ
1544 873 1573 906 c

40 960 42 963 .
72 936 196 976 μημα
224 916 380 970 παντὸς
417 920 547 962 καλοῦ
581 922 686 964 πᾶσι
721 922 894 980 κειμένῳ
923 920 996 964 καί
1030 920 1102 964 διὰ
1143 924 1266 965 τοῦτο
1295 924 1356 973 εἰς
1385 923 1531 972 κάλλος

74 981 304 1039 heffa&
324 983 397 1028 διὰ
418 985 586 1030 πάντων
604 986 752 1046 δικαίῳ
778 982 911 1030 ilva?
943 986 1128 1039 Ταύταις
1148 993 1241 1039 ταῖς
1267 985 1532 1043 ἆποκρισεσιν

74 1049 210 1103 οὕτως
220 1051 392 1108 ἡμέροις
413 1047 560 1104 οῧσαις
576 1051 650 1096 καὶ
668 1054 892 1111 προσηνέσι
901 1053 976 1096 καί
993 1053 1014 1096 ὃ
1037 1055 1127 1104 νέος
1151 1055 1427 1111 χαριεστέρας
1457 1050 1533 1096 ἇν-

31 1119 257 1172 &vausune
282 1119 341 1176 τῷ
366 1121 540 1174 βασιλεῖ’
556 1117 632 1170 τὰς
658 1116 956 1177 εὖχαριστίας,
983 1122 1056 1163 καί
1075 1121 1199 1163 δυσίν
1217 1118 1353 1163 ἔτεσιν
1377 1121 1530 1178 ἐφεξῆς

44 1184 264 1242 ἐλώφησε
293 1181 341 1226 τὸ
373 1182 523 1239 κακὸν,
564 1185 641 1227 τοῦ
666 1186 873 1240 βασιλέως
909 1182 1206 1243 ευμενέστερον
1239 1187 1532 1241 ἐπιβλέποντος

69 1250 130 1308 τῷ
151 1249 326 1308 ἑγγόνω,
354 1251 396 1293 εἰ
410 1251 460 1294 δέ
488 1266 586 1293 ποτε
612 1253 686 1294 και
711 1252 976 1308 ἐπιπλήττειν
998 1250 1105 1306 ἔδει,
1134 1252 1386 1309 συμμέτρως
1406 1268 1532 1294 τουτο

69 1317 308 1370 ποιοῦντος,
335 1333 395 1375 ως
412 1318 486 1360 καὶ
501 1314 573 1360 τὸν
601 1317 714 1371 νέον,
741 1313 809 1361 οἶα
832 1315 883 1373 δὴ
905 1312 1257 1371 νουθετούμενον,
1282 1317 1409 1374 χάριν
1431 1316 1531 1371 ὁμο..

69 1384 218 1437 λογεῖν.
261 1377 366 1425 ἀλλὰ
393 1398 531 1425 ταυτα
553 1385 634 1437 μὲν
668 1381 733 1425 ἔτι
766 1383 979 1439 περιόντος
1004 1385 1210 1437 βασιλέως
1231 1385 1308 1425 τοῦ
1332 1382 1529 1440 Μιχαήλ·

24 1448 164 1500 „irtel
185 1442 230 1490 δ’
255 1447 492 1505 ἐτεθνήκει,
531 1447 585 1492 τά
609 1465 654 1492 τε
674 1444 781 1492 αλλα
803 1450 1114 1503 εκπεπολέμωτο
1144 1446 1247 1506 πρὸς
1277 1446 1350 1492 τὸν
1368 1447 1530 1504 ἔγγονον
1549 1464 1581 1497 D

68 1513 92 1559 ὅ
115 1512 314 1570 βασιλεῦς
329 1547 342 1569 ,
383 1517 458 1558 καὶ
482 1513 532 1572 δν)
558 1518 630 1558 καί
639 1526 653 1570 ,
694 1513 716 1558 ὃ
732 1516 869 1574 μικρῷ
897 1515 1078 1572 πρόσθεν
1102 1514 1288 1572 εἴρηται,
1317 1516 1534 1571 μεμνημέ-

67 1596 149 1635 νος,
176 1579 234 1632 ὥς
255 1580 277 1624 ὅ
310 1581 400 1632 νέος
432 1576 702 1640 Ἀνδρόνικος
723 1579 999 1637 ἀλγυνόμενος
1026 1588 1118 1632 ταῖς
1138 1582 1246 1638 πέρα
1269 1583 1346 1623 τοῦ
1367 1582 1532 1632 δέοντος

67 1645 306 1703 ἐπιπλήξεσι
329 1645 541 1704 μεμήνυκε
564 1645 667 1704 πρὸς
700 1643 852 1701 αὑτὸν,
881 1647 938 1699 ὥς
965 1680 992 1702 ,,
1006 1649 1046 1690 εἰ
1063 1649 1144 1702 μὲν
1176 1645 1426 1701 μεταβάλοις
1459 1647 1533 1702 τῆς

66 1713 127 1764 εἷς
150 1713 225 1767 ἐμὲ
249 1711 428 1770 πικρίας·
468 1710 567 1756 εἶδ’
588 1709 680 1769 οὖν,
708 1710 794 1771 cm?
820 1715 960 1772 ἕτερος
980 1712 1028 1757 ὃν
1054 1710 1107 1757 ἂν
1130 1714 1279 1772 ἐθέλῃς
1300 1713 1530 1770 προβεβλή-

69 1817 159 1859 feci,
182 1828 251 1852 nec
270 1829 350 1853 raro
373 1818 563 1853 lacrimans
585 1818 704 1853 Deum
725 1820 844 1861 oravi,
879 1824 922 1854 ut
945 1823 983 1854 et
1005 1819 1223 1860 nascereris,
1262 1822 1300 1852 et
1317 1823 1422 1853 natus
1448 1818 1531 1853 talis

0 1886 1 1891 ,
38 1909 42 1911 λ
67 1842 249 1907 evaderes,
279 1866 422 1923 qualem
442 1877 507 1912 ego
533 1871 570 1900 te
594 1866 737 1912 abipso
758 1867 1012 1913 poposcissem.
1063 1866 1182 1913 Quem
1207 1876 1289 1911 ergo
1319 1867 1428 1899 etiam
1452 1871 1531 1900 tum

67 1911 108 1945 in
125 1913 278 1947 materni
295 1913 391 1947 uteri
414 1913 663 1959 penetralibus
689 1914 892 1948 latitantem
913 1914 965 1947 sic
981 1915 1090 1948 effuse
1115 1913 1242 1953 dilexi,
1264 1923 1346 1946 eum
1365 1913 1412 1946 ad
1430 1912 1530 1947 hunc

65 1959 195 1993 aetatis
218 1959 344 1993 florem
367 1965 576 2006 provectum
592 1960 711 1994 odisse
737 1966 774 1994 et
791 1972 811 1994 a
831 1971 888 1994 me
914 1960 1111 2005 repellere,
1144 1961 1207 2006 qui
1234 1959 1378 1993 tandem
1398 1960 1530 2005 potui?

67 2004 172 2040 Haud
192 2006 286 2040 istuc
304 2017 384 2046 cum
404 2007 543 2041 ratione
564 2006 709 2041 dicitur.
742 2007 852 2053 Quod
868 2013 988 2041 autem
1012 2008 1052 2040 in
1070 2011 1107 2040 te
1130 2006 1355 2041 emendando
1378 2006 1530 2051 rigidior

66 2056 106 2086 et
130 2053 170 2087 in
200 2053 423 2099 obiurgando
453 2054 650 2089 aculeatior
676 2054 743 2094 fui,
775 2066 849 2088 non
872 2053 911 2088 id
932 2054 1055 2099 potius
1077 2052 1174 2095 odii,
1209 2063 1316 2098 quam
1344 2053 1529 2098 perfectae

65 2100 224 2134 caritatis
249 2105 287 2134 et
299 2105 469 2146 paternae
492 2101 752 2135 sollicitudinis
768 2101 943 2137 indicium
966 2099 1166 2145 putandum
1192 2105 1265 2140 est,
1292 2104 1334 2132 ut
1361 2100 1441 2146 qui
1447 2106 1528 2134 stu-

66 2145 208 2180 duerim
242 2147 357 2181 filium
388 2158 507 2182 meum
540 2148 709 2181 omnibus
750 2148 878 2181 florere
911 2147 1100 2188 laudibus,
1141 2147 1354 2193 praesertim
1382 2147 1453 2180 iam
1479 2147 1527 2181 ad

66 2193 160 2227 tanti
179 2194 324 2239 imperii
350 2194 493 2229 culmen
513 2195 787 2236 ascendentem,
831 2195 870 2228 in
898 2205 969 2250 quo
997 2195 1056 2228 vel
1080 2193 1228 2227 minima
1258 2193 1357 2226 labes
1377 2195 1524 2239 sapien-

66 2240 166 2274 tibus
188 2240 304 2275 videri
321 2242 474 2276 maxima
493 2247 621 2288 queat:
650 2242 830 2288 siquidem
852 2242 968 2275 omnis
991 2241 1191 2275 honestatis
1211 2241 1421 2296 'exemplum
1440 2241 1527 2274 uni-

40 2299 43 2302 ·
65 2288 177 2323 versis
218 2290 412 2335 repositus,
441 2288 487 2322 ad
505 2289 734 2334 splendorem
757 2290 932 2324 virtutum
952 2289 1113 2321 omnium
1132 2288 1262 2321 merito
1286 2288 1526 2332 exponendus

66 2334 124 2368 sit.
228 2346 247 2368 c
267 2341 339 2369 tam
358 2335 500 2382 placida
523 2342 560 2370 et
577 2336 734 2382 benigna
755 2336 990 2381 responsione
1009 2335 1183 2369 delinitus
1208 2334 1438 2375 adolescens,
1460 2346 1528 2380 per

67 2385 204 2416 certum
218 2379 401 2416 hominem
418 2382 547 2419 festive
566 2385 694 2429 gratias
710 2384 793 2428 egit.
817 2383 868 2416 Ac
887 2387 965 2415 toto
987 2382 1139 2415 biennio
1161 2384 1377 2426 insequente
1393 2393 1414 2414 a
1431 2382 1526 2414 malo

68 2429 172 2474 quies
188 2431 420 2475 etrespiratio
438 2429 522 2471 fuit,
545 2441 610 2466 avo
630 2436 803 2475 nepotem
814 2430 962 2466 amicius
977 2430 1157 2469 intuente,
1182 2434 1230 2469 et,
1255 2429 1285 2461 si
1308 2429 1452 2473 quando
1469 2439 1526 2461 res

9 2490 11 2492 ·
66 2475 225 2517 tulisset,
242 2478 382 2522 parcius
399 2478 631 2522 increpante3
648 2483 690 2511 ut
701 2483 738 2510 et
751 2477 829 2522 ipse
845 2487 970 2522 nepos,
983 2476 1085 2522 quasi
1103 2475 1351 2509 tantummodo
1367 2486 1526 2508 commo-

67 2521 244 2564 nefactus,
257 2523 296 2557 id
313 2529 450 2570 gratum
463 2524 534 2558 sibi
557 2525 701 2558 evenire
723 2524 958 2557 confirmaret.
987 2523 1059 2556 Sed
1075 2523 1125 2556 ita
1137 2528 1243 2557 antea
1262 2522 1441 2563 faciebat,
1468 2522 1526 2554 vi-

66 2574 175 2602 vente
189 2571 404 2627 imperatore
411 2571 611 2614 Michaele3
624 2582 747 2604 verum
761 2581 803 2604 eo
822 2575 978 2611 mortuo,
1003 2581 1083 2603 cum
1101 2570 1190 2602 alias
1203 2569 1250 2602 ob
1263 2580 1385 2602 causas
1400 2572 1527 2602 effera-

67 2620 145 2649 tum
162 2617 277 2664 gessit
290 2619 448 2652 animum
461 2619 500 2652 in
519 2619 708 2659 iuvenem,
727 2623 803 2651 tum
821 2616 919 2664 quod
938 2616 1042 2657 dicti,
1068 2617 1168 2649 cuius
1184 2628 1289 2661 supra
1304 2616 1528 2648 mentionem

46 2700 52 2707 ,
68 2661 231 2704 fecimus,
248 2674 384 2698 memor
402 2670 505 2698 esset.
535 2665 683 2699 Scilicet
694 2676 738 2698 cx
768 2665 906 2710 iniquis
917 2665 994 2698 eius
1015 2662 1324 2708 increpationibus
1343 2662 1526 2702 moestior,

66 2723 133 2758 per
143 2713 409 2749 internuntium
425 2713 459 2747 ei
479 2713 636 2747 dixerat:
651 2713 795 2747 Utinam
807 2711 1085 2746 amaritudinem
1097 2710 1265 2744 adversus
1279 2721 1335 2743 me
1345 2709 1525 2756 deponas:
