1832 3138
311 108 328 143 ι
343 87 419 144 86
842 94 1214 139 CANTACUZENJ

107 210 285 249 &cas-12
301 220 433 263 φωνοι
468 206 562 252 ταῖς
597 197 795 256 γνώμαις,
839 195 887 240 τὸ
923 199 1003 251 μὲν
1027 199 1188 251 δοκεῖν,
1216 198 1261 250 ἔξ
1293 198 1482 257 ἀποριῶν
1520 218 1649 246 τινων
1678 207 1744 254 ἐἰς
1794 213 1797 217 ·

190 275 288 319 V.93
302 266 538 325 ἀμηχανίαν
564 262 878 317 καθιστάμενοι,
914 261 962 305 τὸ
993 263 1040 305 δ’
1069 263 1244 318 ἀληθὲς,
1275 261 1357 320 οὔχ
1383 263 1415 308 ἃ
1441 269 1501 327 τῷ
1515 269 1638 327 ’κοινῷ
1662 274 1738 312 λυ-

297 338 461 385 σιτελεῖ,
490 328 582 373 ἄλλ’
612 328 643 372 0¹2⁸
671 329 811 379 αὐτοῖς
840 329 926 386 ἰδίᾳ
958 329 1153 384 διαφέρει
1179 332 1440 382 σκοποῦντες.
1475 334 1737 391 ἐπηκροῶντο

298 401 344 442 δὲ
383 396 456 440 καί
490 395 528 439 οἱ
564 398 750 451 βασιλεῖς
782 392 953 438 ἔνδοθεν
993 395 1078 435 τῶν
1109 395 1365 450 λεγομένων,
1412 393 1524 450 ὄντες
1566 396 1618 442 οὗ
1650 416 1736 454 μα-

298 463 415 521 κράν.
461 459 661 518 βασιλευς
693 462 774 515 μὲν
811 455 888 502 οὖν
925 458 949 501 ὅ
991 460 1083 509 νέος
1117 460 1346 516 ἐφθέγξατο
1382 462 1522 508 οὐδέν·
1564 461 1588 508 ὅ
1615 466 1665 508 δέ
1685 466 1766 521 ’γεὸ

262 527 576 585 οπρεσβύτερος
613 528 699 569 τῶν
734 528 814 580 μὲν
859 524 976 583 αὕτῷ
999 522 1209 568 συνόντων
1246 525 1473 583 ἀνανδρίαν
1497 545 1543 572 τε
1578 528 1737 586 πολλὴν

294 595 562 649 κατεγίνωσκε
587 590 661 634 καί
685 588 903 647 ἀβουλίαν,
937 589 1035 641 τούς
1057 592 1105 632 δὲ
1127 591 1185 648 τῷ
1202 589 1355 650 ἐγγόνῳ
1376 594 1579 645 συνόντας
1603 595 1737 639 ἐθαύ-

292 661 402 713 μαζε
428 660 500 715 τῆς
526 657 775 713 εὐβουλίας,
823 656 895 698 καί
933 658 1006 712 τῆς
1042 656 1147 713 ὑπὲρ
1190 658 1268 698 τοῦ
1302 660 1419 716 κοινῇ
1444 660 1736 719 συμφέροντος

293 725 479 780 σπουδῆς
505 722 660 781 ἐπῄνει·
699 722 884 778 μάλιστα
933 723 980 765 δὲ
1005 720 1080 765 τὸν
1114 722 1247 777 μέγαν
1286 723 1531 775 δομέστικον
1556 728 1736 777 συνετῶς

293 786 400 845 ἄγαν
426 791 498 832 καί
522 790 693 846 καιρίους
718 788 1069 844 βεβουλευμένον,
1108 788 1183 830 καί
1220 787 1406 849 ἀκριβεῖς
1441 787 1578 850 ᾇλεγεν
1615 787 1788 850 αὖτιῑίιο

292 856 366 898 τοῦ
393 854 499 912 πρὸς
534 852 692 912 μητρὸς
719 853 889 896 πάππου
931 854 1205 910 χαρακτῆρας
1240 854 1411 911 ἒνορᾷν,
1451 849 1497 905 ὃς
1523 851 1656 907 οὕτως
1681 852 1735 911 ἦν

292 919 346 962 τά
381 936 426 964 τε
467 921 613 963 δέοντα
651 924 836 962 συνεῖναι
876 916 976 970 ὄξύς
1014 916 1088 960 καὶ
1123 915 1379 975 ἑρμηνεῦσαι
1424 921 1555 963 ταῦτα
1577 919 1735 971 κῖκανός

239 975 242 978 ’
293 987 366 1028 καί
390 985 744 1041 καταπράξασθαι
784 982 1170 1040 δραστηριώτατος·
1216 983 1306 1037 ,,ὥς
1342 987 1443 1041 παρ’
1469 986 1566 1039 ἐμοὶ
1601 987 1735 1043 κριτῇ,

292 1049 381 1105 εἴγε
409 1048 634 1093 ἐτελεύτων
673 1050 719 1101 ἐξ
748 1045 909 1106 ὄσφύος
938 1048 1016 1090 οὔκ
1053 1046 1165 1103 ἔχων
1191 1047 1394 1104 διάδοχον
1419 1051 1492 1107 τῆς
1515 1053 1734 1106 βασιλείας

294 1119 557 1168 καταλιπεῖν,
580 1115 734 1156 ἐκεῖνον
748 1108 800 1156 ἂν
823 1114 1134 1168 συνεβούλευσα
1156 1114 1387 1168 Ῥωμαίοις
1409 1116 1788 1173 προστήσασθαιιό

251 1176 499 1224 Βὲαυτῶν.”
555 1175 666 1221 οὕτω
691 1180 772 1233 μὲν
806 1177 830 1221 ὅ
856 1177 1055 1234 βασιλεῦς
1076 1181 1160 1222 τῶν
1184 1180 1264 1233 μὲν
1287 1181 1491 1237 κατέγνω,
1516 1178 1617 1231 τούς
1641 1178 1741 1224 its«

290 1261 391 1302 ρους
418 1246 464 1287 δὲ
492 1245 666 1301 ἠξίωσεν
692 1243 887 1287 ἐπαίνων.
930 1242 1060 1295 αὐτὸς
1098 1245 1145 1286 δ’
1169 1240 1265 1299 ὅρτι
1303 1243 1388 1302 χρὴ
1415 1244 1614 1303 πράττειν
1639 1244 1732 1303 ἅμα

292 1311 350 1367 τῷ
377 1313 455 1368 νέῳ
484 1313 656 1365 βασιλεῖ’
687 1309 787 1367 περὶ
809 1311 886 1353 τοῦ
923 1311 1197 1367 προκειμένου
1236 1309 1508 1365 ἐβουλεύοντο
1534 1314 1732 1367 πολέμου.ι

267 1369 547 1427 ἐξετάζοντες
577 1377 623 1419 δὲ
650 1373 725 1418 τὸν
750 1374 894 1430 λόγον,
924 1373 968 1418 ὃν
995 1374 1096 1432 πρὸς
1121 1377 1300 1430 βασιλέα
1328 1373 1398 1419 τὸν
1424 1379 1518 1422 νέον
1554 1375 1579 1420 ὅ
1605 1380 1731 1433 βασι-

289 1439 386 1490 λεὺς
412 1443 580 1483 Μυσῶν
603 1439 816 1496 μεμήνυκε
843 1439 1039 1497 Μιχαῆλ,
1070 1440 1148 1498 (ὥς
1174 1439 1275 1483 εἴσω
1303 1437 1444 1497 ὀλίγον
1471 1439 1630 1500 χρόνον
1655 1440 1784 1485 διάαο

288 1503 366 1560 τὴν
393 1507 595 1562 ἐσομένην
622 1506 764 1556 αὕτοῖς
794 1506 940 1563 φιλίαν
967 1505 1342 1563 συστρατευόμενοι
1374 1505 1480 1564 πρὸς
1514 1507 1618 1559 τούς
1643 1503 1732 1551 ἑτέ-

289 1571 407 1626 ρωθί
423 1587 502 1612 που
531 1572 765 1624 μαχοῦνται
793 1569 1046 1628 πολεμίουςῇ
1089 1570 1163 1612 καί
1182 1572 1318 1626 μηδὲν
1353 1572 1496 1628 ἕτερον
1529 1571 1731 1628 στοχάζε-

288 1637 394 1676 σθαι
423 1636 669 1688 δυνάμενοι,
697 1630 725 1690 ἢ
754 1631 817 1684 ὅτι
844 1633 1028 1690 Μιχαὴλ
1056 1633 1132 1690 τήν
1152 1637 1360 1690 βασιλέως
1385 1635 1597 1694 ἀδελφὴν,
1624 1635 1654 1694 ἢ
1670 1639 1732 1697 τῷ

288 1699 684 1755 προβεβασιλευκὸτι
714 1700 883 1742 Μυσῶν
918 1698 1110 1757 συνῴκει,
1147 1699 1342 1755 βούλεται
1369 1707 1547 1757 γυναῖκα
1576 1698 1731 1758 ἀγαγέ-

288 1767 396 1808 σθαι
407 1797 422 1819 ,
451 1765 754 1821 ἐπεψηφίζοντο
777 1762 848 1808 τὸν
868 1767 949 1819 μὲν
969 1767 1147 1820 βασιλέα
1174 1764 1246 1810 τόν
1275 1768 1369 1810 νέον
1390 1765 1618 1819 ἐξελθόντα
1636 1771 1783 1815 ,Bu-25

289 1865 400 1912 quod,
414 1865 595 1900 communi
614 1863 849 1911 posthabito,
872 1875 937 1898 sua
954 1865 1113 1910 ipsorum
1137 1865 1354 1911 compendia
1370 1871 1606 1904 sectarentur.
1641 1867 1727 1904 Non

286 1913 415 1960 procul
436 1912 522 1946 inde
537 1924 582 1946 ex
600 1913 741 1946 occulto
759 1913 992 1957 imperatores
1010 1911 1077 1945 hos
1091 1923 1272 1946 sermones
1299 1914 1572 1956 auscultabant,
1594 1918 1728 1949 tacen-

289 1964 399 2004 teque
416 1959 580 1999 iuniore,
611 1960 734 1992 senior
753 1970 835 1992 suos
851 1958 957 1991 valde
988 1959 1212 1992 effeminatos
1240 1964 1351 2004 atque
1377 1960 1602 1994 inconsultos
1625 1961 1728 1995 iudi-

289 2005 413 2038 cabat:
439 2005 583 2050 nepotis
601 2011 725 2038 contra
747 2010 789 2038 ut
819 2005 971 2038 consilio
996 2004 1112 2038 bonos
1131 2004 1434 2051 publicorumque
1455 2006 1725 2042 commodorum

271 2051 440 2094 ‘cupidos
462 2051 682 2096 suspiciebat
702 2056 739 2084 at
769 2061 813 2084 ue
838 2051 1119 2085 commendabat.
1169 2051 1336 2095 Inprimis
1356 2062 1440 2086 vero
1465 2064 1630 2099 magnum
1653 2053 1724 2088 do-

289 2098 477 2130 mesticum
507 2097 703 2142 prudenter
719 2108 738 2130 a
803 2096 911 2130 odum
931 2102 968 2131 et
986 2097 1031 2130 ad
1045 2103 1186 2142 tempus
1207 2097 1472 2131 accommodate
1498 2100 1723 2134 consuluisse

288 2143 567 2188 pronuntiabat:
594 2149 631 2176 et
646 2154 683 2186 se
702 2143 742 2176 in
762 2144 828 2177 illo
859 2144 916 2176 avi
944 2145 1098 2177 materni
1127 2154 1329 2188 expressam
1352 2144 1489 2178 intueri
1515 2145 1722 2191 imaginem,

287 2188 351 2235 qui
373 2195 447 2222 tam
465 2190 631 2223 celeriter
656 2189 878 2233 arripuisset,
899 2194 936 2223 et
958 2195 1031 2223 tam
1054 2189 1186 2224 idonee
1218 2191 1445 2235 explicasset,
1465 2195 1503 2224 et
1523 2193 1721 2237 promptis-

285 2237 377 2269 sime
397 2236 623 2276 confecisset,
644 2247 736 2282 quae
759 2247 815 2269 res
834 2236 1067 2280 postulassett
1100 2242 1142 2270 ut
1167 2235 1390 2277 decreverit,
1413 2238 1444 2271 si
1472 2237 1610 2284 absque
1637 2250 1722 2273 suc·

286 2293 425 2314 cessore
444 2294 488 2315 ex
508 2293 545 2315 se
563 2287 649 2316 nato
668 2281 713 2315 de
731 2282 805 2315 vita
824 2282 959 2323 exiret,
983 2283 1150 2316 Romanis
1168 2282 1340 2324 suadere,
1364 2283 1470 2317 illum
1494 2285 1731 2328 potissimum‘

285 2327 358 2361 sibi
377 2328 630 2373 imperatorem
648 2328 896 2373 praeficerent.
945 2328 1050 2362 Hunc
1073 2330 1112 2363 in
1136 2328 1283 2362 modum
1312 2330 1435 2363 senior
1460 2330 1544 2363 illos
1568 2331 1721 2366 damna-

286 2374 375 2428 bat·,
399 2373 464 2428 hos
489 2374 658 2407 laudibus
684 2375 900 2428 extollebat,
938 2379 976 2408 et
1008 2386 1089 2409 cum
1116 2380 1250 2420 nepote
1279 2374 1326 2409 de
1358 2375 1456 2409 bello
1488 2377 1720 2456 suscipiendo

286 2425 522 2465 cogitationes
554 2432 633 2453 suas
669 2420 967 2454 communicabat·
1025 2418 1115 2455 Cum
1152 2426 1272 2455 autem
1303 2421 1413 2456 verba
1441 2432 1577 2466 perpen
1604 2430 1720 2466 erent,

287 2478 378 2512 quae
408 2466 564 2500 Michael
588 2467 794 2500 Moesorum
824 2478 887 2508 rex
925 2467 1128 2511 imperatori
1158 2467 1293 2501 iuniori
1325 2468 1526 2501 renuntiari
1552 2469 1719 2512 iusserat,

285 2513 448 2558 (propter
477 2513 634 2546 futui-am
659 2514 755 2546 inter
781 2523 842 2546 eos
871 2514 1068 2547 amicitiam
1101 2514 1245 2547 sociatis
1266 2515 1374 2547 armis
1394 2514 1529 2548 alicubi
1551 2526 1631 2549 cum
1649 2515 1720 2550 ho·-

286 2559 401 2593 stibus
428 2558 729 2604 belligeratores)
759 2561 931 2604 quoniam
951 2559 1050 2593 aliud
1075 2558 1239 2593 divinare
1269 2558 1363 2593 nihil
1385 2564 1573 2605 poterant,
1612 2574 1718 2608 quam

287 2604 441 2638 eundem
467 2605 682 2639 Michaelcm
719 2604 917 2639 Andronici
949 2607 1099 2639 minoris
1126 2617 1330 2651 germanam
1359 2618 1519 2641 sororem
1543 2607 1717 2643 Theodo-

288 2663 374 2692 ram,
395 2651 694 2697 Sphentisthlabo
710 2653 785 2698 regi
806 2650 977 2686 defuncto
1001 2657 1107 2687 autea
1122 2657 1281 2698 nuptam,
1302 2654 1468 2688 statuisse
1489 2664 1637 2690 uxorem
1648 2654 1719 2690 du-
