1820 3164
335 96 445 170 492
865 110 1236 156 CANTAcquM

148 218 229 255 ΑΒ.
246 215 400 262 ι334σει
426 214 473 255 δὲ
499 206 559 254 ὢν
589 211 740 262 ἐκεῖνος
766 210 900 267 πρᾶος
926 213 999 254 καί
1022 217 1107 262 τοῖς
1134 209 1350 256 ἀδικοῦσιν
1377 215 1542 268 ἕτοιμος
1566 215 1762 270 παρέχειν

335 276 592 332 συγγνώμην,
621 271 672 318 ἂν
698 278 978 332 παραιτῶνται
1003 275 1076 332 τήν
1105 273 1243 334 ὀργήν,
1271 280 1343 321 καί
1366 276 1464 333 ὑμῖν
1483 280 1766 334 συγγνώσεται

339 342 509 399 ᾇᾳδιως,
538 339 608 383 καί
637 341 740 395 ἐμοῦ
767 339 872 397 πρὸς
897 343 1019 384 τοῦτο
1046 343 1227 395 μάλιστα
1253 343 1476 398 ἐνάγοντος.
1520 340 1689 394 ἐπειδὰν
1718 344 1766 386 δὲ

333 406 408 461 τὴν
433 406 636 460 βασιλέως
655 406 941 461 ἐκμειλίξησθε
961 403 1103 462 ὀργήν,
1130 406 1204 449 τὸν
1225 409 1355 450 παῖδα
1372 407 1566 466 Σαρχάνη
1586 406 1659 451 καί
1683 394 1765 451 τῶν

333 465 469 514 ἄλλων
481 472 676 526 Περσῶν,
696 470 736 513 οἳ
753 471 798 513 ἐν
818 470 986 527 ὁμήρων
1002 471 1268 528 προσχήματι
1288 475 1573 530 φρουροῦνται
1594 475 1693 530 παρ’
1714 466 1792 518 ὔ-ἒό

331 541 418 590 μΐν,
443 533 635 594 λαβόντες
662 532 797 593 ὥσπερ
829 537 945 593 δῶρα
971 536 1277 593 προσκομίσατε
1304 538 1361 595 τῷ
1386 541 1554 595 βασιλεῖ
1573 538 1646 582 καί
1670 541 1764 582 Μι-

330 599 509 657 τυλήνην
527 602 598 643 καί
616 598 816 644 Φώκαιαν
833 602 1053 659 παράδοτε.
1081 598 1264 652 κοῖκεΐνος
1281 598 1548 656 ἀμειβόμενος
1563 603 1673 659 ὖμᾶς
1691 605 1764 660 τῆς

288 666 501 717 Βεῦνοίας
526 668 643 709 ἕνεκα
663 667 738 722 τῆς
767 664 871 722 πρὸς
898 663 1050 721 αὐτὸν,
1077 666 1182 721 μετὰ
1210 669 1281 724 τῆς
1307 665 1575 725 συγγνώμης,
1602 667 1655 726 ἣν
1681 686 1764 712 πα-

333 733 513 789 ρέξεται,
542 734 615 774 καί
637 731 759 775 voirs
786 732 1051 782 ἆναλωθέντα
1076 730 1279 789 χρήματα
1307 733 1366 782 εἷς
1391 730 1461 776 τὸν
1486 731 1664 788 πόλεμον
1689 733 1763 776 τὸν

332 801 432 840 καθ’
459 795 577 852 ὑμῶν
604 796 678 840 καί
703 795 734 840 ἃ
756 796 1009 854 ἐζημιώσατε
1039 797 1265 854 Λεσβίους,
1293 796 1322 840 ἃ
1349 796 1397 840 τὸ
1426 795 1562 847 κοινὸν
1589 801 1629 843 Γ
1625 797 1781 842 mod-1

300 900 303 903 .
332 878 385 912 ας
421 864 467 905 ἐκ
505 865 588 905 τῶν
628 862 839 919 ὑμετέρων
877 862 1096 919 κτημάτων
1133 862 1239 906 κατὰ
1267 861 1343 914 τὰς
1370 863 1582 920 συνθήκας
1609 861 1765 921 ὀφείλει

331 927 556 986 ἀποτίνειν,
580 933 808 985 χαριεῖται.
841 928 890 972 οὗ
917 928 1002 984 μήν
1029 924 1135 971 ἄλλα
1161 928 1234 971 καί
1254 930 1476 982 πολεμιόυς
1494 928 1765 985 -ρῖνριγεγραμφ

326 994 478 1046 μένους
502 995 559 1050 τῷ
579 995 701 1051 κοινῷ
728 992 801 1035 καί
820 992 936 1043 δίκας
963 989 1205 1050 ὀφείλοντας
1225 995 1299 1050 τῆς
1320 993 1532 1052 οἷπιστίας,
1555 984 1764 1043 ἅπαθειαν

331 1059 467 1099 κακῶν
481 1057 785 1114 καταπράξεται
806 1056 904 1112 ὗμῖν
920 1092 933 1114 ,
963 1059 1011 1117 τῇ
1037 1061 1168 1117 βουλῇ
1195 1057 1439 1116 συγγνώμην
1465 1057 1660 1110 κελεύσας
1683 1075 1764 1101 πα-

201 1128 519 1183 v‚2409a0‘)gs13'v,
548 1119 652 1182 ὥστε
679 1120 811 1174 ἇδεῶς
837 1124 962 1167 πάλιν
988 1124 1334 1178 ἐμπολιτεύεσθαι
1361 1122 1781 1181 αὖτοῖς“ἅποστερη-ι

328 1188 478 1237 θέντας
503 1189 588 1230 τῶν
621 1189 781 1234 οἰκείων
805 1189 992 1244 μηδενός.
1035 1188 1136 1246 πρὸς
1166 1188 1331 1239 τούτοις
1351 1219 1354 1221 -
1374 1191 1437 1241 δὲῖ
1459 1187 1533 1231 καί
1564 1189 1762 1241 Φωκαίας

328 1247 466 1309 ὥσπερ
494 1252 698 1310 πρότερον
725 1253 798 1296 καί
814 1251 942 1305 αὖθις
970 1249 1115 1311 ἄρχειν
1137 1255 1365 1311 ἐπιτρέψει,
1393 1253 1452 1304 ὥς
1477 1251 1657 1311 ὕπηκὸου
1684 1255 1762 1309 μὲν

321 1317 542 1371 Ῥωμαίοις
561 1313 699 1374 οῧσης,
717 1319 814 1372 ὑμῖν
835 1321 881 1361 δὲ
897 1322 1146 1376 παρέχοντος
1163 1322 1368 1374 βασιλέως
1385 1318 1462 1376 τήν
1476 1315 1624 1376 ἆρχὴν,
1638 1314 1761 1376 ἄχρις

193 1393 229 1428 Ρ.
243 1379 378 1431 ὃοοᾶν
400 1381 528 1434 αὐτὸς
547 1385 682 1442 ἐθέλῃ.
712 1384 785 1426 καί
805 1383 984 1434 σπονδάς
1003 1385 1102 1438 ὑμῖν
1119 1383 1222 1441 πρὸς
1244 1386 1468 1441 Σαρχοίνην
1486 1384 1625 1441 θήσει,
1653 1381 1761 1427 ὥστε

217 1459 222 1464 ’
325 1450 397 1492 καί
418 1444 544 1498 αὖθις
560 1449 638 1498 τὰς
654 1448 899 1505 προσόδους,
927 1447 979 1500 ἂς
997 1452 1069 1492 καί
1093 1450 1292 1506 πρότερον
1321 1449 1475 1504 εἴχετε,
1502 1451 1548 1492 ἐκ
1573 1451 1658 1505 τῆς
1671 1449 1815 1505 gui—20

325 1531 403 1570 ρας
423 1517 497 1570 τῆς
515 1515 643 1557 αὐτοῦ
663 1517 940 1572 καρποῦσθαι.
967 1515 1040 1558 καί
1054 1514 1158 1558 κατὰ
1179 1516 1316 1565 πάσας
1334 1516 1485 1571 νήσους
1504 1515 1576 1565 καὶ
1593 1514 1667 1567 τοὶς
1682 1517 1760 1558 πό-

328 1584 428 1633 λεις,
455 1579 504 1621 ai*
526 1579 710 1635 ὑπήκοοί
731 1581 812 1622 εἰσι
833 1580 1068 1635 Ῥωμαίοις,
1096 1580 1306 1623 ἀκώλυτον
1320 1580 1432 1634 ,ὑμῖν
1457 1580 1532 1636 τὴν
1555 1582 1760 1638 ἐμπορίαν
1819 1575 1820 1614 }

327 1644 509 1687 κελεύσει
528 1642 647 1687 εἶναι.
666 1651 853 1687 σκοπεῖτε
873 1642 948 1688 οὖν
963 1643 1097 1688 ὁπόσα
1113 1647 1191 1700 μὲν
1210 1645 1311 1699 ὑμῖν
1333 1645 1356 1687 ὁ
1372 1645 1548 1700 πόλεμος
1563 1645 1760 1702 ἐπήνεγκε

326 1709 446 1773 κακὰ,
473 1711 574 1770 ἴσως
600 1711 646 1753 δὲ
669 1712 742 1753 καί
761 1712 932 1767 χείρονα
955 1711 1108 1762 ἐπάξει·
1137 1710 1296 1770 ὁπόσων
1314 1712 1362 1754 δὲ
1383 1708 1552 1767 ἀγαθῶν
1574 1708 1758 1768 ἧλείρήνη

329 1852 500 1885 iniuriam
527 1854 722 1897 exaequate
748 1860 789 1884 ac
816 1861 881 1895 per
901 1850 1036 1895 legatos
1053 1849 1264 1883 bellicarum
1280 1849 1428 1883 istarum
1459 1850 1674 1884 offensarum
1688 1858 1755 1884 ve-

329 1899 428 1931 niam
451 1897 621 1943 flagitate.
649 1897 723 1942 Qui
746 1908 824 1930 cum
847 1897 894 1930 sit
907 1898 1004 1930 mitis
1039 1896 1186 1941 ingenio
1208 1901 1244 1930 et
1265 1896 1304 1930 in
1323 1907 1361 1930 se
1375 1893 1608 1941 pecc'antibus
1630 1907 1754 1941 prom-

330 1950 413 1989 ptus
428 1945 623 1989 ignoscere,
650 1944 680 1976 si
701 1944 776 1977 eius
796 1943 886 1976 iram
905 1943 1041 1976 fuerint
1058 1943 1250 1986 deprecati,
1275 1942 1384 1975 etiam
1405 1942 1519 1982 vobis,
1546 1953 1625 1976 meo
1648 1943 1752 1976 insu-

332 2001 396 2036 per
416 1989 608 2024 accedente
628 1990 797 2034 impulsu,
822 1989 980 2023 libenter
994 1991 1163 2035 ignoscet.
1211 1988 1280 2022 Ubi
1299 2000 1382 2022 eum
1401 1989 1638 2033 placaveritis,
1665 1989 1752 2022 Sar—

331 2036 454 2070 chanis
475 2038 734 2081 Persarumque
750 2036 902 2069 aliorum
933 2036 1038 2077 filios,
1094 2046 1156 2068 uos
1180 2034 1347 2069 obsidum
1371 2036 1517 2068 nomine
1549 2034 1752 2075 custoditis,

332 2082 451 2116 eidem
478 2085 518 2116 in
543 2083 701 2116 muneris
730 2082 809 2116 loco
837 2085 1024 2125 offertote3
1058 2048 1259 2125 lilitylenen
1284 2086 1471 2126 praeterea
1490 2086 1526 2114 et
1559 2080 1754 2115 Phocaeam

331 2130 522 2163 restituite.
570 2129 636 2161 Ille
669 2139 752 2162 vero
776 2133 930 2161 vestrum
957 2127 1027 2162 hoc
1053 2139 1132 2172 erga
1154 2139 1191 2161 se
1230 2127 1388 2161 studium
1407 2138 1654 2173 compensans,
1679 2139 1755 2160 una

327 2187 411 2208 ,cum
442 2177 568 2216 venia,
607 2186 678 2220 qua
706 2185 768 2207 vos
796 2175 998 2219 impertiet,
1035 2176 1143 2208 etiam
1171 2179 1329 2219 sumptus
1365 2185 1385 2206 a
1407 2175 1503 2207 sein
1526 2173 1596 2207 hoc
1617 2173 1756 2206 bellum
1789 2204 1793 2208 t

333 2222 523 2255 collocatos
549 2226 584 2254 et
598 2220 737 2254 Lesbiis
762 2232 826 2265 per
845 2232 906 2254 vos
936 2221 1062 2254 damna
1080 2221 1234 2266 irrogata
1249 2246 1258 2262 ,
1283 2231 1375 2266 quae
1401 2219 1602 2264 respublica
1626 2221 1753 2257 Genu-

324 2268 428 2300 -ensis
449 2279 492 2300 ex
511 2267 658 2300 foedere
683 2267 727 2300 de
747 2267 979 2301 facultatibus
1001 2272 1037 2300 et
1062 2266 1166 2302 bonis
1191 2268 1316 2300 vestris
1339 2267 1507 2299 resarcire
1529 2266 1658 2307 debet,
1686 2265 1752 2298 be-

332 2313 440 2357 nigue
463 2315 631 2347 remittet.
680 2312 806 2359 Neque
831 2312 901 2347 hoc
923 2319 1083 2354 tantum,
1107 2314 1170 2347 sed
1186 2319 1222 2347 et
1242 2319 1418 2357 tamquam
1442 2312 1608 2345 hostibus
1630 2312 1754 2355 reipu-

332 2359 448 2393 blicae
471 2359 657 2393 declaratis
681 2371 721 2392 ac
743 2360 951 2405 proscriptis
974 2365 1010 2393 et
1035 2359 1207 2404 perfidiae
1236 2370 1388 2404 poenam
1412 2358 1649 2399 commeritis,
1684 2359 1754 2390 im-

332 2407 532 2451 punitatem
554 2406 774 2450 impetrabit,
798 2411 960 2439 senatum
974 2405 1018 2439 ad
1027 2408 1168 2439 veniam
1187 2404 1414 2439 tribuendam
1430 2403 1651 2438 cohortatus:
1679 2415 1752 2449 quo

333 2452 433 2486 nulla
445 2463 481 2486 rc
495 2452 672 2497 spoliatis,
686 2452 804 2486 denuo
820 2453 859 2485 in
875 2452 1063 2497 republica
1075 2452 1190 2485 libere
1210 2451 1391 2496 negotium
1404 2462 1505 2484 suum
1516 2461 1617 2495 agere
1634 2450 1751 2483 liceat.

332 2497 433 2531 Adde
454 2499 551 2544 quod
564 2497 741 2531 Phocaeae
755 2500 988 2532 Romanorum
1001 2499 1165 2543 propriae
1183 2497 1419 2542 principatum
1437 2502 1473 2530 et
1495 2496 1752 2530 usumfructum

325 2546 425 2578 'sicut
441 2545 559 2586 prius,
585 2544 757 2589 quamdiu
775 2545 950 2585 voluerit,
976 2544 1078 2577 vobis
1098 2545 1291 2589 permittet.
1321 2543 1420 2586 Quin
1445 2548 1481 2576 ct
1507 2547 1622 2576 vestra
1646 2552 1750 2575 causa

333 2602 412 2624 cum
437 2590 611 2624 Sarchane
637 2590 763 2624 foedus
796 2591 920 2630 feriet,
954 2596 996 2624 ut
1020 2602 1063 2624 ex
1092 2591 1169 2624 eius
1195 2589 1377 2633 provincia
1415 2589 1585 2633 pristinos
1616 2588 1751 2621 fructus

331 2638 556 2680 percipiatis:
581 2647 716 2681 perque
737 2648 859 2669 omncs
879 2637 1013 2669 insulas
1039 2648 1079 2670 ac
1111 2636 1271 2668 civitates
1303 2635 1541 2668 Romanorum
1573 2638 1751 2667 mercatu-

333 2694 391 2716 rae
417 2682 602 2717 faciendae
630 2683 813 2716 licentiam
837 2682 946 2716 dabit.
996 2682 1172 2730 Dispicite
1195 2681 1314 2727 igitur,
1340 2685 1427 2727 quot
1456 2681 1665 2722 infortuniis
1683 2679 1752 2713 hoc
