1794 3146
333 94 443 172 46'2
852 96 1225 168 CAizTAcUZEM

140 230 222 267 A.C.
239 231 320 267 1331
338 223 411 265 καὶ
444 222 719 279 ἀπαραίτητος
750 221 855 279 πρὸς
897 223 970 275 τὰς
1009 221 1257 281 ἀντιδόσεις,
1295 228 1434 271 πᾶσαν
1469 218 1756 282 ἐπιδείξασθαι

304 285 543 342 Βσπουδὴν,
580 283 690 329 ὥστε
718 287 791 330 καὶ
825 284 955 332 αὖτὰν
981 291 1028 332 ἐκ
1060 293 1147 334 τῶν
1176 289 1320 343 αὐτοῖς
1348 293 1630 351 διαφερόντων
1662 296 1755 339 τινὰ

329 352 562 407 κτήσασθαι
589 355 769 412 πολέμῳ.
797 354 867 397 διὰ
895 356 941 396 δὲ
966 355 1014 398 τὸ
1043 355 1097 398 τοὶ
1123 358 1414 414 στρατεύματα
1435 357 1663 418 ἀμφότερα
1685 364 1759 416 τῆς

208 421 250 455 V.
263 418 462 472 αοόαὕτῆς
490 415 666 471 ἔχεσθαι
692 419 930 475 θρησκείας·
969 416 1102 470 ἄλλως
1127 425 1173 463 θ’
1201 420 1263 465 ὅτι
1289 422 1361 466 καὶ
1385 421 1411 480 ἧ
1437 426 1577 482 εἰρήνη
1603 425 1758 475 παντὸς

329 485 509 536 πολέμου
548 479 656 526 εἶναι
685 486 800 526 δοκεῖ
822 485 1097 543 αἱρετωτέρα,
1127 489 1286 540 μᾶλλον
1314 487 1441 546 αὐτὴν
1465 489 1692 547 αἱρεῖσθαι,
1720 492 1759 533 εἰ

329 546 383 590 τοὶ
412 550 540 591 οἰκεῖα
565 548 693 602 μόνον
721 551 994 606 ἀπολήψεται.
1043 553 1315 609 Ἀλέξανδρος
1341 554 1388 596 δὲ
1410 555 1644 612 ἰσχυρίζετο
1663 552 1759 598 ἀδι-

330 620 416 657 κεῖν
444 614 541 657 οὐδὲ
569 614 706 665 αὐτός·
730 615 956 670 Ἀγχίαλόν
982 633 1026 659 τε
1052 616 1133 674 γὰρ
1163 617 1236 660 καὶ
1258 616 1310 660 τὰ
1339 613 1444 661 ἄλλα
1465 621 1714 675 πολίσματα,
1729 617 1760 663 ἃ

329 675 384 736 ἦν
425 676 689 738 ἀφῃρημένος
698 715 710 734 ,
747 682 798 723 οὗ
818 682 1040 736 Ῥωμαίοις
1077 683 1297 739 προσήκειν
1333 686 1494 738 μᾶλλον
1518 679 1549 742 ἢ
1574 686 1761 736 Μυσοῖς.

330 751 419 796 τοῖς
445 744 523 802 γὰρ
552 745 631 802 πρὸ
658 747 789 791 αὐτοῦ
814 747 1153 802 βεβασιλευκόσιν
1188 751 1232 799 ἐξ
1289 748 1434 792 ἱκανοῦ
1459 746 1568 799 εἶναι.>
1591 748 1763 806 ὖποχεί-

331 827 404 867 ρια
428 812 502 853 τοῦ
524 810 696 868 χρόνου.
762 811 826 854 διὸ
853 816 926 856 καί
947 816 1108 867 μᾶλλον
1143 817 1319 868 βασιλέα
1360 814 1520 858 ἀδικεῖν
1554 814 1660 872 πρὸς
1697 812 1780 866 οἷςῐ

296 875 551 932 οάφῄρηται
578 873 836 920 ἀπαιτοῦντα
864 881 937 921 καί
969 875 1206 934 Ἀγχιὶιλον.
1233 882 1437 934 βασιλέως
1464 881 1511 924 δὲ
1537 876 1761 937 ἀποκρινα-

328 942 459 995 με’νου
485 940 544 998 μὴ
574 943 660 984 δεῖν
689 942 764 999 τήν
790 944 956 986 ἀδικίαν
984 947 1029 987 ἐν
1068 943 1349 999 δικαιώματος
1385 949 1596 989 ποιεῖσθαι
1629 945 1761 1004 λόγῳ,

329 1007 437 1062 μηδὲ
462 1002 524 1049 ὅτι
550 1008 623 1049 ε’πί
643 1006 796 1065 χρόνον
822 1010 1127 1066 ἀπεστέρησαν,
1167 1009 1334 1053 οἴεσθαι
1359 1010 1430 1053 διὰ
1457 1012 1578 1054 τοῦτο
1604 1013 1762 1054 δίκαιον

330 1067 438 1113 εἶναι
464 1070 537 1114 καί
571 1073 766 1128 διηνεκῶς
804 1074 1060 1131 ἀποστερεῖν.
1114 1075 1188 1126 τὰς
1213 1074 1292 1132 γὰρ
1322 1070 1518 1127 tuentii-tac
1543 1073 1684 1127 πόλεις
1711 1072 1761 1119 οὗ

330 1133 459 1190 μόνον
495 1132 657 1181 ἄνωθεν
691 1141 737 1181 ἐκ
778 1142 961 1182 παλαιοῦ
990 1140 1198 1196 ὑπηκόους
1230 1138 1452 1195 Ῥωμαίοις
1478 1137 1606 1196 εἶναι,
1653 1139 1781 1187 α’λλάι

331 1200 407 1243 καὶ
431 1198 571 1244 αὖτοὶῖν
595 1201 670 1254 τοὶς
695 1207 862 1255 πλείους
888 1206 963 1247 ὕπ’
989 1206 1130 1249 αὕτῶν
1151 1222 1197 1248 τε
1219 1208 1408 1249 ἐκτίσθαι
1426 1209 1498 1250 καί
1513 1205 1765 1266 κατῳκίσθαι

329 1266 525 1316 ἀποικίας
550 1268 851 1326 πεπομφότων·
878 1266 993 1313 οὔπω
1021 1272 1068 1313 δὲ
1093 1273 1199 1325 χθὲς
1222 1270 1295 1313 καὶ
1320 1272 1462 1328 πρώην
1481 1273 1559 1330 ὕφ’
1587 1263 1765 1321 ἓαυτούς

335 1334 589 1388 πεποιῆσθαι
605 1334 788 1385 Μυσούς
815 1337 860 1378 ἐκ
884 1339 967 1379 τῶν
981 1338 1324 1393 Σφεντισθλάβου
1341 1339 1417 1379 τοῦ
1436 1339 1642 1391 βασιλέως
1659 1335 1766 1393 χρό-

335 1413 444 1450 νων,
471 1395 519 1447 ὃς
543 1393 595 1454 ἦν
621 1399 697 1454 τὴν
722 1397 856 1443 αὖτοῦ
884 1398 1070 1457 ἀδελφήν
1096 1398 1358 1456 γεγαμηκώς,
1394 1404 1471 1444 τοῦ
1497 1400 1602 1458 πρὸς
1627 1404 1767 1444 Κατε-

337 1460 488 1513 λοίνους
521 1465 594 1506 καί
626 1467 801 1520 Πέρσας
840 1472 925 1515 τοῖς
945 1466 1171 1520 Ῥωμαίοις
1196 1467 1378 1520 πολέμου
1405 1467 1692 1522 κεκινημένου·
1721 1463 1764 1517 ὃς

337 1531 509 1570 πλεῖστα
538 1528 589 1584 δὴ
617 1528 799 1572 ἐκάκωσε
825 1530 877 1572 τοὶ
906 1530 1137 1587 πράγματα
1167 1529 1322 1584 αὐτοῖς,
1351 1532 1406 1572 δι’
1429 1530 1478 1574 ὃν
1505 1528 1603 1573 οὐδὲ
1629 1533 1766 1574 ταῦτα
1793 1578 1794 1588 ¹

335 1586 633 1636 ἀνασώσεσθαι
658 1594 930 1650 ἠδυνήθησαν
969 1598 1012 1646 ἐξ
1040 1596 1191 1638 αὖταῖν.
1248 1598 1350 1638 νυνί
1366 1611 1410 1638 τε
1437 1594 1568 1638 αὐτόν
1608 1596 1767 1638 ἀδικεῖν
1792 1589 1794 1649 Q

292 1667 324 1701 D
342 1658 480 1712 οῦδὲν,
514 1657 621 1701 ἀλλὰ
648 1659 700 1702 τά
730 1676 773 1702 τε
806 1655 904 1703 ὄντα
932 1660 1044 1715 ἔχειν
1071 1660 1142 1702 καὶ
1165 1659 1217 1702 τὰ
1244 1661 1483 1703 ἐλλείποντα
1510 1657 1711 1714 ἀπαιτεῖν,
1739 1657 1769 1702 ἃ
1793 1654 1794 1698 Ῑ

430 1761 487 1784 ao.
509 1748 691 1795 πολέμου.
740 1748 813 1783 Sub
837 1749 1041 1783 Andronico
1067 1750 1221 1790 seniore,
1247 1748 1292 1784 de
1314 1760 1386 1795 quo
1409 1739 1507 1783 bello
1532 1749 1705 1795 Gregoras
1727 1749 1769 1785 in

429 1807 464 1841 7.
482 1795 566 1829 obit
592 1801 711 1829 autem
724 1796 1027 1840 Sphentistlabus,
1063 1798 1124 1842 qui
1143 1796 1495 1842 Sphendosthlabus‚
1519 1796 1645 1830 eodem
1659 1807 1769 1838 anno,

429 1854 501 1889 quo
522 1843 561 1875 in
586 1843 764 1876 iuniorem
787 1843 1028 1877 Andronicum
1042 1843 1230 1876 anathema
1253 1844 1524 1888 pronuntiatum
1544 1848 1608 1876 est.
1625 1844 1705 1878 ΕΒ.
1726 1843 1766 1877 Ρ.

338 1922 415 1945 cem
438 1909 584 1944 foedere
610 1911 841 1944 firmaturum.
888 1911 1001 1958 Atqui
1026 1912 1240 1956 oportuisse,
1264 1911 1294 1945 si
1317 1911 1356 1945 in
1379 1910 1486 1945 rebus
1512 1910 1584 1944 suis
1602 1912 1771 1956 pertinax

340 1963 378 1992 et
400 1956 638 2003 implacabilis
663 1962 767 1998 esset,
791 1969 917 1999 nervos
943 1969 1065 1991 omnes
1089 1957 1134 1992 ad
1157 1969 1220 2003 par
1248 1958 1327 2002 pari
1350 1957 1576 1992 referendum
1598 1957 1771 1992 intende-

340 2015 399 2044 re,
423 2010 459 2038 et
482 2004 588 2037 armis
612 2003 684 2037 sibi
697 2004 853 2037 vicissim
884 2004 1057 2050 quaedam
1082 2004 1126 2038 de
1154 2005 1299 2038 illorum
1316 2004 1422 2038 rebus
1444 2003 1636 2038 vindicare.
1663 2004 1771 2050 Quo-

340 2051 439 2084 niam
474 2061 557 2085 vero
598 2050 744 2096 utrique
780 2050 940 2084 eamdem
972 2051 1156 2096 religionis
1190 2051 1416 2084 sanctitatem
1453 2050 1596 2091 colant,
1625 2055 1663 2084 et
1699 2062 1771 2095 pax

341 2096 496 2130 cuilibet
521 2094 620 2129 bello
644 2096 927 2141 praeponderet,
959 2097 1071 2141 ipsam
1096 2109 1133 2131 se
1156 2097 1254 2131 bello
1281 2096 1367 2130 huic
1393 2101 1627 2142 anteponere:
1661 2097 1770 2131 modo

339 2154 404 2175 sua
429 2142 500 2175 sibi
524 2145 770 2178 restituantur.
819 2143 866 2176 At
890 2143 1090 2177 Alexander
1105 2169 1114 2186 ‚
1142 2155 1209 2177 nec
1235 2155 1272 2178 se
1295 2143 1428 2177 iniuste
1451 2154 1576 2189 agere:
1610 2142 1769 2177 Anchia-

339 2189 416 2222 lum
458 2190 554 2222 enim
592 2194 780 2234 ceteraque
805 2189 999 2234 oppidula,
1023 2201 1114 2235 quae
1139 2189 1306 2235 adempta
1330 2189 1401 2223 sibi
1428 2194 1661 2236 quereretur,
1695 2201 1771 2224 non

336 2236 506 2268 Romanis
569 2236 664 2268 otius
691 2246 797 2280 quam
821 2237 954 2270 Moesis
989 2236 1133 2269 deberi:
1170 2247 1253 2270 nam
1292 2235 1435 2281 regibus
1473 2235 1772 2270 antecedentibus

338 2280 470 2327 perdiu
496 2246 642 2315 sufidita
666 2281 786 2315 fuisse.
835 2282 970 2316 Idcirco
992 2284 1244 2328 imperatorem
1267 2288 1343 2316 esse
1366 2281 1552 2323 iniurium,
1578 2281 1642 2328 qui
1665 2293 1772 2327 prae-

339 2333 397 2361 ter
420 2339 462 2360 ea
487 2339 578 2372 quae
602 2328 792 2362 abstulerit
807 2353 816 2369 ,
850 2330 959 2363 etiam
983 2329 1194 2363 Anchialum
1219 2329 1387 2374 postulet.
1435 2329 1530 2362 Tum
1553 2329 1600 2362 im
1629 2333 1772 2366 erator,

340 2373 543 2408 iniustitiae
567 2386 640 2407 non
667 2375 925 2419 imponendum
949 2387 1081 2409 nomen
1106 2376 1281 2409 iustitiae:
1309 2386 1428 2420 neque
1452 2375 1538 2421 quia
1631 2379 1773 2418 tempus

341 2420 432 2453 alios
456 2421 714 2465 spoliaverint,
747 2421 828 2455 ideo
855 2421 1131 2455 existimandum
1155 2422 1263 2455 licere
1286 2426 1460 2466 perpetuo
1487 2419 1650 2466 spoliare.
1698 2420 1774 2453 Has

342 2465 450 2500 urbes
477 2478 551 2500 non
576 2467 690 2500 solum
716 2477 759 2500 ex
782 2468 933 2514 antiquo
960 2474 1122 2514 tempore
1146 2469 1382 2502 Romanorum
1406 2467 1547 2502 ditione
1572 2465 1775 2509 contineri;

343 2512 407 2546 sed
430 2513 538 2546 etiam
564 2513 762 2557 complures
790 2525 912 2547 earum
936 2515 980 2548 ab
1008 2515 1094 2559 ipsis
1119 2524 1195 2547 esse
1219 2513 1382 2548 conditas
1397 2538 1407 2554 ,
1442 2512 1685 2559 deductasque
1708 2523 1772 2545 co·-

342 2559 470 2594 lonias.
517 2559 660 2593 Moesos
684 2560 744 2592 vix
767 2559 845 2593 heri
871 2566 907 2595 et
940 2560 1073 2594 nudius
1105 2561 1232 2594 tertius
1266 2570 1324 2593 eas
1356 2559 1422 2594 sub
1457 2561 1646 2606 imperium
1668 2569 1773 2591 suum

343 2605 546 2651 redegisse,
569 2617 590 2638 a
615 2617 724 2651 regno
751 2605 1038 2654 Sphentisthlabi
1062 2608 1192 2640 sororis
1219 2617 1303 2640 suae
1327 2606 1447 2640 mariti
1470 2600 1662 2646 videlicet,
1685 2603 1773 2638 (lum

344 2653 510 2686 Romanis
535 2663 614 2686 cum
640 2652 771 2694 Persis,
811 2657 848 2686 et
874 2654 1055 2687 Catalanis
1082 2653 1219 2686 bellum
1244 2658 1356 2694 esset,
1394 2654 1459 2699 qui
1495 2663 1558 2686 rex
1595 2651 1773 2685 nomano·

344 2697 573 2734 vehementer
594 2698 776 2733 afflixerim
810 2705 952 2746 propter
977 2711 1083 2746 quem
1107 2698 1197 2733 haec
1225 2699 1312 2744 ipsis
1344 2704 1421 2733 tum
1456 2703 1668 2745 extorquere
1696 2704 1772 2730 non
