1794 3146
301 94 415 159 466
828 103 1194 146 mu‘rAcUzsm

107 215 193 249 A.C.
211 212 348 268 ι33ικῇ
373 210 566 262 σάλπιγγι
591 208 788 261 χρῆσθαι,
817 201 878 253 οἶς
905 204 1148 260 θαρροῦντα
1171 202 1246 247 καὶ
1267 204 1535 260 Ἀλέξανδρον
1559 206 1718 260 προθώ-

295 290 384 329 μως
412 271 515 328 πρὸς
540 269 611 313 τὸν
635 267 812 322 πόλεμον
837 274 1018 325 χωρεῖν,
1063 267 1249 326 ἀντεπῄει
1275 268 1348 311 καὶ
1369 267 1498 318 αὐτὸς
1522 264 1720 325 θαᾷᾆῶν,

296 338 387 382 ἐπεὶ
413 338 458 378 δὲ
485 335 606 390 ἐγγὺς
634 331 821 390 ἀλλήλων
851 329 959 388 ἦσαν
984 330 1080 376 ὅσον
1106 332 1301 389 δρᾶσθαι,
1331 330 1412 387 ὅ,τε
1437 331 1551 389 ἥλιος
1577 332 1650 376 τὸν
1671 332 1719 376 ‹5-

297 402 464 459 ρι’ζοντα
490 399 693 457 ὑπερβάς,
723 398 1009 455 ἐνεργεστέραν
1039 404 1131 448 ταῖς
1157 393 1283 453 ὄψεσι.
1315 397 1391 454 τήν
1428 397 1604 452 δύναμιν
1639 415 1721 441 ποι-

293 471 430 524 ’ρεῖχε,
471 465 551 508 τότ’
587 460 665 521 ἤδη
691 466 888 521 καθαρῶς
908 466 1107 520 ,ἐφαίνετο
1135 462 1318 518 Σκυθικὴ
1348 461 1453 507 εἶναι
1489 465 1517 521 ἢ
1545 466 1745 514 ἐπιοῦσαὸ

296 530 497 587 στρατιά·
553 527 600 571 οὗ
627 529 705 586 γὰρ
733 524 840 584 ἦσαν
867 531 1108 584 τεταγμένοι
1139 526 1247 582 μετὰ
1281 530 1372 570 τῶν-
1391 532 1584 585 Memfim,
1631 527 1719 572 ἀλλ’

293 596 407 639 ἰδίαν
436 596 559 638 afim*
584 597 750 648 ἐπεῖχον
776 594 906 645 τάξιν.
933 594 1025 637 ἐπεὶ
1043 596 1089 637 δὲ
1115 592 1237 649 ἐγγυς
1260 589 1367 650 ἦσαν
1391 590 1488 638 ὅσον
1513 597 1721 650 ἐμβαλεῖν,

257 662 333 706 Do?
352 660 514 704 Σκύθαι
541 658 610 703 τὸν
633 660 711 713 μὲν
731 659 904 714 βασιλέα
924 658 1029 713 μετὰ
1050 662 1133 702 τῶν
1155 659 1390 715 προτάκτων
1412 661 1718 716 παρεξέκλιναν·

294 726 364 769 ἐπὶ
382 728 428 769 δὲ
447 724 546 776 τους
566 724 805 774 ἐπιτάκτους
820 724 1008 781 ἐχώρουν
1041 727 1113 767 καί
1128 724 1356 781 ἐτρέψαντο
1366 721 1639 780 ἀντισχόντας
1655 727 1717 768 ἐπ’

295 788 431 846 ὀλίγον
476 792 547 832 καί
565 789 639 845 τὴν
660 788 797 839 δίωξιν
817 789 1060 844 ἐποιήσαντο
1079 784 1181 845 ἄχρι
1203 787 1513 846 Ῥωσοκάστρου
1526 819 1541 832 .
1565 790 1654 832 ἐκεῖ
1674 792 1776 840 daim
1793 826 1794 850 ρ

295 856 599 912 συστραφέντες
617 853 655 896 οἱ
673 854 886 908 Ῥωμαῖοι,
906 854 1104 909 ἠμύνοντο
1114 852 1208 904 τούς
1216 855 1456 911 βαρβάρους
1462 851 1543 907 ἔξω
1550 855 1633 898 τῶν
1641 870 1724 898 τει-

292 924 393 976 χιόν.
422 917 615 974 βασιλεὺς
643 921 688 961 δὲ
716 917 803 972 ἅμα
827 925 917 970 ταῖς
936 921 1282 976 προτεταγμέναις
1303 921 1346 970 ἓξ
1372 918 1571 976 φάλαγξι,
1587 919 1723 963 καίτοι

289 989 373 1030 τῶν
399 985 530 1027 ὀπίσω
553 986 842 1040 τετραμμένων
857 986 915 1034 εἰς
942 984 1092 1041 φυγὴν,
1123 985 1243 1027 οὐδὲν
1262 986 1420 1038 μᾶλλον
1440 983 1723 1042 ὑπεχώρησεν,

165 1060 205 1095 V·
222 1062 289 1096 228
302 1053 391 1094 ἀλλ’
419 1050 461 1104 ἴη
490 1048 674 1091 κατευθὺ
701 1052 890 1104 Μυσῶν,
932 1053 1004 1092 καὶ
1028 1051 1252 1104 συνέβαλον
1282 1050 1414 1105 ὄλίγοι
1438 1048 1543 1107 πρὸς
1570 1054 1723 1093 πολλα-

294 1116 518 1164 πλασίους.
570 1112 710 1168 μάχης
745 1116 791 1155 δὲ
820 1113 1126 1170 καρτερωτάτης
1158 1116 1225 1171 ἐφ’
1264 1113 1405 1158 ἱκανὸν
1441 1116 1719 1171 γεγενημένης,
1729 1122 1773 1166 15

303 1182 373 1222 καί
400 1177 541 1235 χειρὸς
577 1177 676 1234 ἔργα
703 1181 773 1220 καί
798 1178 948 1234 τόλμης
978 1175 1075 1231 ἄξια
1102 1177 1231 1221 πολλοὶ
1261 1182 1344 1223 τῶν
1375 1177 1601 1233 εΡοιηιαιίων
1631 1180 1722 1221 ἐπι-

301 1245 572 1299 δειξαμένων,
608 1245 722 1293 τέλος
748 1243 828 1286 ὖπὸ
865 1247 940 1286 τοῦ
968 1245 1152 1299 πλήθους
1180 1246 1264 1287 τῶν
1289 1247 1457 1288 Μυσῶν
1485 1243 1722 1298 ἐκβιαζόμε-

296 1327 359 1353 νοι
388 1311 460 1352 καί
490 1311 534 1351 ἐν
562 1309 731 1366 κινδύνῳ
757 1304 836 1364 ἤδη
863 1312 1131 1362 καθεστῶτες,
1159 1309 1434 1366 ὖπεχώρησαν
1459 1308 1602 1355 ὀπίσω.
1641 1313 1721 1364 βα-

174 1393 209 1426 p,
224 1374 448 1432 235oc7ted9‘
460 1375 500 1415 δ’
528 1371 616 1427 ἅμα
649 1376 705 1431 τῷ
732 1373 898 1431 μεγάλῳ
926 1376 1151 1432 δομεστίκῳ
1179 1375 1252 1417 καί
1280 1372 1435 1433 Ἀσάνῃ
1461 1377 1721 1433 τῷ“’Μανου-

291 1439 342 1497 ἠλ
382 1442 439 1497 τῷ
481 1441 555 1495 τῆς
597 1438 777 1493 μεγάλου
819 1441 1059 1492 δομεστίκου
1116 1441 1311 1494 γυναικὸς
1349 1438 1527 1500 ἀδελφῷ)
1577 1438 1622 1492 ὃς
1647 1441 1774 1495 τῆςρο

293 1506 508 1559 βασιλικῆς
531 1504 681 1555 τάξεως
707 1500 835 1559 ἦρχε,
877 1505 948 1545 καί
967 1500 1135 1560 ἑτέρους
1162 1500 1272 1559 ἄγων
1300 1505 1544 1562 πεντήκοντα
1566 1508 1612 1549 ἐκ
1635 1509 1720 1548 τῶν

294 1570 506 1624 ἐπιφανῶν
533 1568 737 1622 λογάδας,
777 1570 920 1624 πρῶτα
944 1570 1023 1621 μὲν
1055 1571 1280 1624 ἐτρέψαντο
1314 1569 1413 1621 τούς
1437 1575 1526 1614 κατ’
1553 1569 1721 1620 αὐτούς.

294 1632 437 1677 ἔπειτα
481 1634 668 1689 σφοδροῦ
714 1630 1064 1689 προσερῥυηκότος
1103 1635 1179 1676 τοῦ
1227 1637 1407 1689 πολέμου
1448 1634 1522 1678 καὶ
1557 1638 1720 1680 πολλῶν

293 1736 463 1781 inquam,
489 1736 552 1779 qui
579 1735 710 1768 Moesis
735 1734 780 1768 atl
807 1736 981 1768 auxilium
1004 1729 1195 1778 adessentl
1215 1741 1252 1771 et
1275 1737 1321 1772 ad
1344 1744 1513 1776 terrorem
1537 1743 1718 1777 incutien-

292 1783 377 1815 dum
406 1781 568 1825 Scythica
593 1781 680 1814 tuba
705 1782 930 1823 clangerent:
968 1794 1118 1827 quorum
1141 1784 1271 1818 virtute
1303 1786 1408 1820 nixus
1434 1788 1636 1823 Alexander
1656 1789 1717 1822 hi-

291 1828 417 1861 lariter
449 1827 494 1860 ad
524 1833 702 1861 certamen
739 1827 919 1871 prodiret:
959 1828 1036 1872 ipse
1069 1841 1213 1876 quoque
1239 1831 1333 1864 bona
1356 1844 1419 1877 spe
1443 1836 1570 1879 plenus
1595 1835 1718 1869 contra

291 1874 503 1919 ingreditur.
552 1874 739 1919 Postquam
766 1874 861 1907 inter
882 1885 919 1906 se
943 1882 1216 1919 conspexerunt,
1243 1883 1279 1911 et
1303 1879 1358 1911 sol
1381 1881 1487 1914 altius
1506 1893 1612 1926 supra
1632 1882 1716 1916 fini-

290 1926 404 1953 torem
436 1921 547 1953 elatus
564 1945 574 1960 ‚
602 1931 718 1952 rerum
739 1919 945 1952 discrimina
968 1922 1094 1954 clarius
1120 1922 1296 1964 ostendit,
1331 1929 1408 1958 tum
1435 1927 1576 1973 liquido
1603 1938 1715 1972 appa-

289 1968 383 2006 ruit,
411 1966 681 1999 adventantium
706 1977 829 2009 agmen
845 1966 992 2008 Scythas
1021 1978 1115 2001 esse:
1139 1980 1221 2002 nam
1245 1970 1376 2004 Moesis
1396 1984 1474 2009 non
1500 1974 1717 2014 intermixti,

294 2024 376 2045 suos
405 2012 548 2045 ordines
573 2011 797 2044 obtinebant.
826 2012 913 2044 Cum
940 2013 1011 2045 iam
1035 2014 1199 2047 facienda
1219 2022 1313 2050 esset
1334 2018 1537 2062 impressio,
1562 2020 1715 2064 Scythae

293 2060 549 2102 imperatorem
576 2069 656 2091 cum
691 2059 735 2090 iis
763 2058 825 2102 qui
852 2064 954 2091 erant
977 2059 1014 2092 in
1039 2060 1176 2100 fronte,
1201 2063 1346 2105 paulum
1372 2064 1606 2106 declinantes,
1631 2078 1716 2100 suc-

295 2106 516 2137 centuriatos
541 2104 728 2147 invadere3
755 2115 843 2149 quos
867 2115 993 2147 parum
1018 2108 1222 2140 resistentes
1251 2109 1289 2141 in
1313 2110 1429 2155 fugam
1466 2111 1643 2146 dederunt
1678 2118 1716 2146 et

290 2161 406 2195 usquc
432 2150 705 2183 Rhosocastrum
737 2150 957 2194 fugientibus
983 2152 1223 2187 inhaeserunt.
1286 2155 1345 2188 lbi
1380 2158 1539 2191 conversi
1555 2159 1715 2192 ,Romani

289 2197 385 2229 sacto
415 2207 528 2229 cuneo
553 2196 719 2229 barbaros
745 2207 764 2227 a
788 2198 898 2229 muris
923 2197 1182 2232 abstinuerunt.
1209 2201 1403 2244 Imperator
1426 2204 1512 2237 licet
1536 2206 1716 2249 posterio-

289 2253 345 2276 res
377 2242 480 2285 fugae
506 2253 542 2273 se
564 2242 814 2283 mandassent,
847 2255 926 2275 curn
950 2254 1012 2276 sex
1035 2246 1158 2289 primis
1182 2246 1416 2293 phalangibus
1450 2249 1566 2283 nihilo
1602 2253 1714 2295 magis

291 2299 329 2321 se
355 2287 557 2328 abducens,
583 2294 678 2321 recta
704 2289 742 2320 in
756 2289 894 2322 Moesos
920 2289 1006 2329 ibat,
1034 2291 1342 2348 confligebantque
1366 2297 1471 2340 pauci
1497 2307 1577 2329 cum
1600 2298 1714 2331 multo

290 2333 467 2377 pluribus,
496 2333 583 2365 Cum
601 2335 638 2366 in
654 2334 757 2378 longa
777 2341 813 2367 et
831 2336 1000 2368 acerrima
1016 2347 1132 2382 pugna
1149 2340 1295 2372 Romam
1312 2345 1455 2375 strenue
1485 2342 1713 2378 dimicassent

292 2380 480 2425 multaque
505 2380 625 2412 virilia
651 2380 808 2413 facinora
833 2381 1041 2423 edidissent,
1065 2389 1241 2428 postremo
1252 2385 1454 2421 Moesorum
1478 2389 1712 2425 multitudine

289 2425 536 2459 vehementius
563 2426 716 2459 instante
735 2452 744 2466 ‚
770 2433 806 2460 et
828 2430 1008 2473 praesenti
1032 2431 1193 2472 periculo
1228 2439 1374 2476 cogente
1389 2459 1399 2474 ‚
1421 2439 1710 2468 retrocesserunt.

294 2471 343 2506 At
374 2473 566 2516 imperator
598 2484 675 2505 eum
708 2484 831 2517 magno
858 2474 1053 2509 domestico
1090 2482 1126 2509 et
1157 2476 1322 2512 Manuele
1349 2479 1464 2513 Asane
1488 2481 1595 2514 fratre
1619 2493 1712 2514 uxo-

294 2518 344 2551 ris
369 2517 555 2551 domestici
593 2519 670 2564 (qui
696 2520 962 2563 imperatoriam
1000 2522 1144 2565 regebat
1176 2523 1287 2556 aciem
1324 2530 1361 2558 et
1388 2526 1477 2559 alios
1501 2527 1545 2560 de
1571 2527 1710 2560 nobili-

282 2564 365 2597 ,bus
403 2565 662 2609 quinquaginta
698 2566 847 2599 selectos
876 2566 1043 2614 ducebat)
1065 2570 1219 2613 primum
1242 2571 1385 2614 quidem
1407 2572 1446 2605 in
1470 2583 1507 2606 se
1534 2574 1710 2606 irruentes

298 2610 517 2655 fugaverunt.
564 2611 646 2644 Post
669 2611 935 2656 ingravescente
960 2615 1172 2655 certamine,
1196 2617 1319 2651 multis
1354 2618 1595 2661 circumfusis,
1629 2630 1710 2652 cum

296 2655 515 2692 testudinem
546 2667 684 2695 servare
708 2658 861 2704 amplius
884 2661 1101 2705 nequirent',
1132 2659 1283 2707 dispersi
1323 2664 1475 2711 quisque
1518 2672 1559 2700 ut
1589 2666 1712 2713 potuit
