1832 3138
317 145 335 179 1
350 125 420 181 56
455 194 462 201 N
839 147 1208 193 CANTACUZENI

116 246 382 295 A.C.i322rag
404 246 626 288 αἰδεῖσθαί
649 261 692 290 τε
724 247 799 290 καί
817 252 941 308 τιμᾷν
967 250 1040 294 καί
1057 253 1217 294 δίκαιον
1261 248 1351 307 ἅμα
1391 254 1466 297 καί
1504 246 1750 312 dnayaeutbr·

298 310 382 352 καί
408 309 456 350 τὸ
481 313 565 352 τῶν
593 311 824 369 ὁμοφύλων
849 315 1054 370 κήδεσθαι
1086 318 1159 360 καί
1180 317 1279 374 περὶ
1301 320 1496 365 πλείστου
1519 319 1596 376 τὴν
1619 338 1752 378 σωτη-

310 375 410 430 ριάν
430 370 571 418 αὐτῶν
595 380 829 433 ποιεῖσθαι,
878 380 951 422 καί
979 379 1040 436 μή
1070 379 1141 423 διὰ
1167 383 1423 438 φιλονεικίαν
1449 388 1753 442 φθειρομένους

309 442 530 497 περιορᾷν,
560 441 652 485 ἀλλ’
673 445 714 486 εἰ
732 445 802 486 δεῖ
818 461 859 486 τι
883 447 956 488 καί
980 448 1065 489 τῶν
1089 448 1249 489 οἰκείων
1270 450 1494 504 προΐεσθαι
1515 452 1594 493 τοῦ
1622 448 1752 503 σώζε-

310 508 415 546 σθαι
441 507 558 549 ἕνεκα
586 504 762 562 αύτούς,
802 506 849 552 οὗ
875 510 1002 564 μόνον
1039 511 1229 566 ἀγαθῶν,
1272 512 1378 556 ἀλλὰ
1400 513 1474 557 καί
1500 515 1664 558 συνέσει
1687 514 1780 557 »ιε-5

306 572 531 627 χρημένων
556 570 791 631 ἀνθρώπων
815 573 942 619 εἶναι.
988 573 1049 627 οἷς
1074 575 1153 634 γάρ
1179 572 1232 620 ἄν
1260 595 1326 628 τις
1353 578 1451 630 τούς
1480 581 1658 630 οἰκείους
1683 581 1756 622 καὶ

310 636 551 693 ὁμοφύλους
572 643 879 696 φθειρομένους
896 644 1121 701 περιορῴη,
1162 648 1250 694 τοῖς
1274 640 1418 694 αύτοῖς
1442 644 1605 696 τούτοις
1626 641 1755 688 αὖτόν

309 703 396 744 ἐστι
417 703 673 760 φθείρεσθαι
708 706 955 760 ἀγνοοῦντα·
997 707 1070 749 καί
1088 707 1218 763 μόνην
1249 706 1323 764 τήν
1347 708 1451 752 κατὰ
1476 712 1562 753 τῶν
1589 708 1756 768 ὄμοφύ-

309 771 392 809 λων
418 768 533 825 νίκην
559 764 689 826 ἧτταν
710 772 957 828 αἰσχίστην,
984 770 1076 815 ἄλλ’
1102 770 1153 814 ού
1184 773 1298 830 νίκην
1324 773 1508 828 νομιζειν
1536 775 1644 834 χρή·
1689 792 1757 818 κε·-

273 831 491 889 Οφὰλαιον
526 836 573 877 δὲ
592 838 663 879 ἐπὶ
692 838 864 891 τούτοις,
890 839 948 889 ὥς
978 837 1000 879 ὅ
1024 839 1162 881 πάντα
1184 840 1351 895 ἐφορῶν
1372 837 1473 889 θεὸς
1492 841 1546 897 τῇ
1564 839 1812 899 παρούσῃιο

311 898 484 957 εὖτυχία
514 899 653 956 ὀρθῶς
684 903 756 944 καὶ
775 903 832 953 ὡς
859 905 1041 960 προσῆκε
1067 903 1141 945 καί
1163 902 1268 957 μετὰ
1300 901 1486 961 ἀτυφίας
1512 901 1624 962 ὅρῶν
1642 921 1758 962 χρω-

310 964 462 1016 μένους
482 963 616 1021 ἧμᾶς,
656 967 730 1010 καί
747 967 804 1024 μή
836 965 978 1022 ὠμούς
1010 985 1127 1020 τινας
1157 970 1228 1011 καί
1257 967 1572 1025 ἅπανθρῶπους
1592 976 1758 1026 γεγενηὲ-

310 1031 462 1082 μένους
483 1031 556 1073 καί
578 1031 655 1088 τήν
687 1032 818 1089 φύσιν
845 1034 1152 1090 ἆγνοήσαντας,
1181 1031 1336 1092 ἑτέρων
1364 1036 1528 1077 πολλῶν
1557 1034 1763 1080 τοιούτων,

310 1090 340 1150 ἢ
365 1095 438 1138 καί
465 1095 666 1140 πλειόνων
690 1098 764 1142 καί
783 1101 1148 1156 θαυμασιωτέρων
1180 1097 1520 1157 εὐεργετημάτων
1547 1099 1762 1152 ἀξιώσειεν

312 1155 376 1203 ἄν.
404 1164 445 1204 εἰ
467 1158 543 1204 οὖν
574 1163 717 1206 δίκαιά
737 1181 782 1206 τε
812 1164 919 1218 ὃμοῦ
939 1165 1012 1208 καί
1045 1165 1249 1221 ἀναγκαῖα
1273 1163 1327 1207 τιὶ
1354 1166 1664 1220 βεβουλευμένα
1689 1167 1815 1210 καίιό

312 1225 418 1283 πρὸς
438 1226 482 1269 τὸ
500 1228 685 1280 εὕδοξεῖν
704 1232 777 1272 καί
790 1230 836 1272 τὸ
858 1230 1072 1282 σώζεσθαι
1096 1233 1392 1274 λυσιτελοῦντα
1403 1265 1416 1284 ,
1446 1230 1572 1274 οὐδὲν
1593 1228 1655 1273 ἔτι
1677 1234 1762 1273 λεῖ-

313 1307 390 1334 πον
415 1287 444 1348 ἢ
467 1293 802 1350 ἐπιψηφίζεσθαι
825 1298 898 1337 καί
918 1295 1050 1349 ὑμᾶς.
1082 1292 1210 1346 αὐτὸς
1230 1294 1312 1352 γὰρ
1336 1291 1478 1352 ὄρθῶς
1503 1310 1550 1338 τε
1577 1293 1764 1349 οἰόμενος

313 1357 428 1412 ἔχειν
451 1356 503 1400 τὰ
530 1359 726 1416 εἰρημένα
751 1363 825 1404 καί
844 1359 997 1415 ὁμοίως
1014 1361 1112 1418 περί
1126 1363 1210 1404 τῶν
1227 1362 1365 1403 αὐτῶν
1389 1362 1580 1418 φρονῶν,
1596 1358 1765 1417 γνώμην

319 1423 474 1477 δίδωμι
492 1426 694 1479 δέχεσθαι
706 1425 779 1482 τήν
799 1428 975 1483 εἰρήνην,
991 1429 1065 1470 καί
1083 1426 1131 1469 τὸ
1152 1425 1251 1481 ἐμὸν
1266 1428 1394 1484 μέρος
1410 1427 1634 1483 ἔπικυρῶ.”
1671 1430 1768 1469 Τοι-

316 1490 427 1531 αῦτα
450 1491 524 1532 καί
548 1493 624 1532 τοῦ
649 1491 831 1546 μεγάλου
857 1492 1098 1546 ὃομεστίκου
1125 1490 1345 1548 εἰρηκότος,
1367 1488 1405 1546 δ’,
1426 1507 1472 1533 τε
1490 1491 1821 1548 «πρωτοστρά-αο

276 1568 404 1611 Βτωρ
423 1554 706 1612 ἐπεψηφίζετο
734 1558 933 1611 δέχεσθαι
959 1555 1036 1613 τήν
1059 1555 1238 1614 εἰρήνην,
1268 1556 1407 1613 ὀρθῶς
1428 1556 1501 1598 τόν
1524 1572 1568 1598 τε
1590 1557 1767 1611 βασιλέα

315 1622 527 1677 εἰρηκέναι
557 1620 630 1664 τόν
658 1639 703 1664 τε
726 1625 859 1677 μέγαν
883 1625 1127 1676 δομέστικον
1152 1627 1361 1665 συνειπεῖν
1389 1621 1507 1680 αὐτῷ
1530 1621 1671 1664 εἰπών·
1698 1621 1772 1665 καί

316 1684 355 1727 οἱ
390 1688 530 1728 λοιποὶ
562 1685 714 1737 πάντες
750 1686 885 1738 εὐθύς
925 1683 1089 1738 ἄκοντες
1119 1688 1222 1741 μὲν,
1272 1687 1602 1743 ἐπεψηφίζοντο
1625 1686 1667 1728 δ’
1694 1681 1769 1729 οὖν

316 1746 455 1805 ὅμως.
501 1750 670 1795 πάντων
692 1754 739 1796 δὲ
772 1753 1150 1810 ἐπιψηφισαμένων
1177 1751 1255 1809 τήν
1279 1752 1470 1810 εἰρήνην,
1513 1750 1768 1795 ἐπυνθάνετο

317 1862 395 1885 esse
421 1852 590 1886 ostendit.
634 1853 822 1887 Praeterea
851 1852 1012 1887 ciusdem
1037 1855 1153 1899 gentis
1184 1853 1357 1887 societate
1379 1851 1488 1886 nobis
1517 1852 1768 1887 devinctorum

317 1910 438 1931 curam
466 1899 669 1944 gerendam,
697 1911 892 1945 eorumque
918 1900 1070 1934 salutem
1101 1900 1266 1945 inprimis
1303 1898 1549 1944 diligendam,
1575 1904 1616 1933 ut
1634 1910 1674 1933 ea
1693 1910 1768 1933 non

318 1946 435 1978 solum
467 1951 615 1990 propter
645 1946 924 1980 aemulationem
957 1958 1031 1979 non
1067 1951 1337 1980 contemnatur:
1392 1944 1478 1984 sed,
1498 1946 1575 1979 eius
1610 1946 1767 1979 tuendae

319 2003 448 2031 causa,
475 1993 506 2024 si
532 1993 584 2025 ita
608 2003 756 2026 necesse
781 1992 849 2033 sit,
884 1993 993 2026 etiam
1018 1992 1062 2026 de
1088 1993 1245 2038 propriis
1272 1990 1415 2036 aliquid
1438 1990 1598 2026 libente}
1620 1992 1768 2025 amitta-

319 2043 391 2078 tur,
413 2037 526 2082 idque
553 2039 732 2072 honorum
756 2051 796 2072 ac
819 2039 1054 2083 prudentium
1078 2050 1207 2072 munus
1236 2038 1363 2072 videri.
1414 2037 1559 2082 Quibus
1586 2038 1684 2071 enim
1708 2037 1768 2072 in-

321 2084 519 2117 commodis
558 2086 738 2130 quispiam
774 2085 994 2118 necessarios
1028 2082 1112 2119 suos
1140 2090 1177 2119 et
1211 2083 1450 2128 homophylos
1477 2083 1676 2118 conflictari
1704 2091 1782 2128 pa-'

320 2131 425 2171 titur,
451 2129 580 2163 iisdem
605 2132 682 2176 ipse
706 2132 849 2165 nescius
874 2132 1122 2165 conflictatur:
1165 2136 1203 2165 et
1224 2131 1340 2164 solum
1366 2131 1460 2165 cives
1495 2141 1578 2164 suos
1608 2130 1737 2164 vicisse
1758 2154 1769 2170 ,

323 2177 531 2220 turpissime
555 2178 690 2211 victum
715 2189 804 2219 esse,
828 2189 904 2211 non
927 2179 1069 2219 vicisse,
1092 2177 1308 2211 arbitremur
1329 2176 1426 2210 licet.
1465 2176 1583 2222 Caput
1609 2188 1650 2210 ae
1666 2182 1771 2210 ‘sum-

323 2233 382 2256 ma
407 2222 537 2256 horum
562 2229 628 2264 est,
655 2224 772 2257 Deum
797 2224 1045 2257 universorum
1069 2225 1323 2269 inspectorem,
1348 2222 1433 2269 quia
1455 2234 1520 2256 nos
1542 2223 1664 2257 obiata
1683 2234 1771 2267 pro-

325 2270 501 2314 speritate
526 2270 639 2314 probe
669 2276 778 2316 atque
802 2275 844 2303 ut
871 2272 1040 2304 convenit
1065 2281 1106 2304 ac
1132 2272 1211 2305 sine
1235 2272 1329 2304 fastu
1356 2270 1424 2310 uti,
1447 2280 1515 2302 nec
1539 2269 1624 2303 inde
1648 2280 1771 2302 saevos

325 2321 364 2349 et
385 2317 557 2349 immanes
582 2317 736 2350 evasisse
758 2317 883 2356 videt,
927 2317 1050 2350 multis
1085 2315 1336 2350 huiuscemodi
1368 2327 1409 2349 ac
1433 2315 1630 2349 maioribus
1663 2315 1771 2349 etiam

323 2362 515 2396 beneficiis
539 2369 821 2406 prosecuturum.
871 2363 909 2396 Si
937 2364 1048 2408 igitur
1071 2364 1166 2396 iusta
1191 2369 1228 2397 et
1249 2361 1472 2402 necessaria,
1496 2362 1526 2394 si
1551 2372 1631 2394 cum
1648 2361 1770 2394 'salute

328 2414 367 2443 et
392 2409 504 2454 glor-Ia
528 2415 644 2442 vestra
668 2410 870 2443 consociata
895 2415 979 2443 sunt
1005 2420 1096 2456 quae
1121 2410 1382 2449 consuluntur,
1413 2406 1482 2440 hoe
1504 2415 1615 2441 unum
1643 2418 1770 2452 supcr-

330 2461 397 2496 est‚
424 2460 464 2488 ut
490 2467 552 2490 vos
579 2467 724 2501 quoque
749 2457 1002 2492 assentiamini.
1051 2457 1124 2500 Ego
1159 2457 1236 2504 ipse
1261 2466 1354 2500 quae
1379 2453 1475 2487 dicta
1499 2459 1584 2487 suut
1608 2453 1771 2498 approbo

329 2502 499 2547 idemque
525 2503 660 2535 sentio:
688 2513 814 2547 pacem
836 2502 1082 2547 accipiendam
1106 2503 1301 2547 pronuntio
1328 2506 1366 2534 et
1392 2511 1457 2544 pro
1481 2510 1560 2533 mea
1584 2504 1684 2545 parte
1711 2510 1772 2532 ra-

327 2553 400 2581 tam
426 2548 554 2582 habeo.
605 2549 703 2582 Haec
726 2549 790 2582 illo
814 2549 1015 2594 prolocuto,
1039 2554 1279 2594 protostrator
1307 2547 1467 2587 censuit,
1493 2545 1592 2592 quod
1615 2546 1772 2591 impera-

314 2600 387 2628 ¹tor
413 2594 457 2628 de
480 2606 568 2640 pace
594 2595 804 2640 accipienda
828 2596 938 2629 verba
965 2596 1110 2629 fecisset
1143 2600 1179 2629 et
1205 2605 1353 2639 magnus
1385 2593 1601 2626 domesticus
1627 2593 1661 2629 ei
1695 2591 1772 2624 suf-

329 2642 484 2686 fragatus
511 2647 623 2683 esset,
649 2646 744 2675 recte
768 2643 926 2683 factum,
957 2647 994 2675 et
1019 2642 1129 2675 ceteri
1155 2652 1301 2682 omnes,
1325 2639 1474 2685 ingratis
1500 2637 1672 2684 quidem,
1700 2643 1774 2671 sta-

331 2689 399 2720 tim
422 2694 544 2722 tameu
567 2699 693 2722 manus
718 2687 905 2723 dederunt.
948 2689 1035 2722 Pace
1059 2688 1220 2721 omnium
1245 2685 1433 2720 sententiis
1455 2685 1611 2727 decreta,
1633 2694 1772 2718 rursum

337 2736 518 2784 quaesivit
543 2736 749 2784 imperator,
779 2734 908 2784 ecquid
933 2746 1057 2783 pacem
1092 2735 1259 2782 componi
1295 2733 1406 2769 talem
1431 2735 1633 2780 oporteret,
1680 2740 1773 2778 quae
