1832 3138
352 95 422 151 30
891 91 1259 152 cANrAcqum

162 214 439 256 A.c.1320w3v
467 211 721 268 σφαλμάτων
749 210 873 266 χάριν
899 211 1229 266 ε’μαστιγούμην·4
1262 208 1310 250 τὸ
1345 202 1388 250 ‹5'
1411 208 1469 258 εἰς
1498 209 1694 261 τοσοὸηα

356 277 530 330 άγεσθαι
555 273 629 330 τὴν
652 271 798 331 ὀργὴν,
844 274 901 325 ὥς
932 274 1004 317 καὶ
1029 276 1190 317 πολλῶν
1213 273 1428 329 παρόντων
1448 269 1559 318 οὕτω
1577 291 1690 332 wrm

355 341 566 393 κίζεοθαι,
606 341 770 383 πάντων
795 336 1084 397 ἇνιαριότερον.
1130 335 1182 382 ἂν
1206 338 1345 381 τοίνυν
1371 339 1494 382 ἵλεων
1515 328 1793 396 ἐπιβλέψαὲῃᾼ

314 405 461 456 nasac
498 411 589 456 ταῖς
621 406 740 459 ἐμαῖς
772 403 995 462 ἁμαρτίαις
1005 439 1018 458 ‚
1066 404 1261 460 ὄδηγήσει
1287 405 1359 446 καί
1389 405 1438 446 σὲ
1464 406 1693 464 πρᾳότῠρόν
1821 417 1829 424 ”

355 473 549 525 γενέσθαι
570 469 642 513 καί
663 464 902 524 συμπαθεῖν
929 471 986 520 ὥς
1005 469 1104 527 υἱῷ,
1131 465 1248 528 τοῦτ’,
1268 465 1319 511 ἂν
1341 468 1403 524 εἴη
1427 471 1652 524 βέλτιστον·
1684 473 1782 523 εἰτ’·ῤ,
1828 478 1831 490 ’

352 533 507 588 ὁμοίως
532 531 668 592 ὥσπερ
700 537 801 589 νῦν,
834 532 910 577 κάν
937 540 1021 585 τοῖς
1042 535 1188 591 ἐφεξῆς
1211 536 1425 576 τελεῖσθαι
1446 535 1615 589 μέλλει,
1653 535 1794 594 ἔτερ
1824 546 1830 596 J

348 600 622 656 προβληθὴτω
640 615 706 644 σοι
718 598 914 655 βασιλεῦς
929 614 941 654 ,’
972 597 1017 650 ὃς
1037 593 1089 642 ἄν
1107 615 1173 642 σοι
1197 599 1295 657 δόξῃ
1316 597 1518 656 χρήσιμος
1537 599 1612 644 καὶ
1627 598 1796 659 sealde&

353 668 499 708 Ταῦτα
511 666 942 722 διαπρεσβευσαμένου
956 662 1111 721 Ἰωσὴφ
1130 666 1174 716 ἐξ
1191 661 1459 720 Ἀνδρονίκου
1472 666 1676 720 βασιλέως
1690 663 1794 724 πρὸς

349 729 421 773 τὸν
443 730 610 777 πάππον
635 729 707 774 καὶ
730 731 932 784 βασιλέα,
969 726 1059 772 εἶτα
1082 729 1155 771 καί
1179 726 1273 786 παρ’
1296 727 1450 771 ἑαυτοῦ
1473 730 1652 785 συχνούς
1677 743 1793 787 τινας

360 795 573 850 ἐγκωμίων
606 794 749 851 λόγους
779 797 854 837 τοῦ
884 796 978 837 νέου
1014 795 1218 849 βασιλέως
1246 794 1623 846 διεξελθόντος-καί
1650 797 1760 854 πρ’
1777 813 1798 842 e,

241 870 280 903 V.
311 870 349 903 ι8
360 877 446 909 πως
475 862 777 914 καθαψαμένου
808 861 883 902 τοῦ
904 862 1129 914 βασιλέως,
1178 859 1236 910 ὥς
1263 861 1519 916 τραχύτερον
1543 854 1571 917 ἢ
1595 861 1795 917 προσήκει

354 927 689 982 προσφερομένου
711 927 766 983 τῷ
789 926 865 983 νέῳ
877 959 891 979 ,
933 922 1186 980 άντεμήνυσε
1210 924 1283 967 καὶ
1307 921 1432 975 αὕτὸς
1450 925 1638 968 τοιαῦτα·
1665 925 1794 980 „1⁷52

357 987 494 1035 ἄλλων
516 990 680 1032 πάντων
707 992 897 1047 πατέρων
926 987 1014 1043 ἅμα
1043 991 1092 1047 τῇ
1124 992 1208 1032 τῶν
1233 989 1395 1032 παίδων
1417 988 1601 1046 γεννήσει
1629 987 1676 1033 τὸ
1693 987 1805 1046 πρὸς

257 1061 351 1098 lma
364 1053 519 1106 αὕτούς
549 1054 721 1112 φίλτρον
761 1057 980 1109 κτωμένων
1014 1055 1086 1097 καὶ
1112 1052 1450 1107 συναυξανόντων
1493 1053 1808 1110 αὖξανομένοις,

357 1118 486 1170 αὐτὸς
507 1117 638 1170 οὕτως
660 1119 839 1176 ἐφίλησά
865 1136 912 1162 σε
936 1119 1009 1162 καί
1033 1119 1132 1177 πρίν
1162 1121 1220 1170 εἷς
1241 1122 1331 1176 φῶς
1355 1123 1595 1176 προελθεῖν,
1637 1118 1695 1170 ὥς
1725 1131 1809 1164 καθ

354 1183 530 1234 πολλοὺς
561 1185 646 1226 τῶν
677 1186 1006 1239 διαβεβοημένων
1033 1181 1094 1226 ἐπ’
1127 1181 1252 1242 ἆρετῇ
1277 1183 1349 1227 καί
1376 1186 1462 1243 θεῷ
1482 1183 1797 1241 προσεγγίζονω

352 1249 444 1303 βίον
476 1250 631 1301 ζῶντας
655 1248 872 1305 μάρτυρας
895 1248 1007 1304 ἔχειν
1038 1252 1114 1292 τοῦ
1134 1249 1325 1306 φιλτρου.
1378 1246 1427 1292 οὖ
1446 1249 1524 1306 γάρ
1549 1250 1685 1306 ἐστιν,
1722 1247 1798 1295 οὔκ

352 1313 466 1356 ἔστιν
495 1310 632 1363 οὐδεὶς
644 1346 658 1367 ‚
689 1311 736 1355 ὃν
759 1310 809 1354 οὗ
838 1313 966 1356 πολλὰ
988 1315 1180 1365 πολλάκις
1199 1314 1411 1368 ἱκέτευσα,
1437 1317 1704 1372 ,θερμοτέρας
1728 1315 1807 1359 καὶ

352 1377 509 1432 συχνὰς
535 1378 642 1434 ὑπὲρ
681 1379 760 1420 σοῦ’
779 1381 864 1437 θεῷ
899 1370 1117 1435 προσάγειν
1148 1376 1301 1433 εὖχάς,
1346 1379 1403 1430 ὥς
1427 1378 1486 1435 μή
1513 1378 1640 1433 μόνον
1664 1383 1811 1437 μηδὲν(

353 1445 555 1499 δυσχερὲς
581 1440 815 1498 ἀπαντῆσαι
830 1447 880 1500 τῇ
898 1447 952 1501 σῇ
975 1444 1172 1500 γεννήσει,
1201 1442 1304 1486 ἀλλὰ
1330 1444 1403 1487 καὶ
1420 1446 1638 1499 τεχθέντα,
1661 1447 1720 1488 πά

356 1503 527 1565 ἄριστον
559 1507 634 1550 καί
653 1509 736 1550 τῶν
759 1509 966 1552 τοσούτων
987 1506 1265 1564 εὖχῶνιάξιον
1289 1506 1604 1565 ἀποδειχθῆναι.
1631 1511 1705 1554 καὶ
1723 1510 1801 1554 αὖε.

354 1572 423 1623 τὸς
458 1575 505 1616 δὲ
527 1571 606 1627 ἐγώ
636 1576 851 1629 προπετῶς
887 1577 968 1628 μὲν
998 1573 1068 1617 διὰ
1091 1574 1137 1617 τὸ
1162 1574 1220 1631 μὴ
1248 1573 1294 1617 τὸ
1315 1572 1496 1631 θαᾷῥεῖν
1520 1574 1632 1630 ἔχειν
1661 1577 1708 1619 ἐκ
1727 1579 1802 1634 τῆς

355 1638 432 1679 τοῦ
453 1637 548 1692 βίου
567 1639 833 1694 διαστροφῆς,
851 1637 1054 1695 ἔπραττον
1066 1636 1109 1681 δ’
1121 1636 1196 1682 οὖν
1207 1636 1330 1693 ὅμως,
1349 1639 1478 1683 πολλὰ
1497 1642 1692 1692 πολλάκις
1704 1642 1802 1685 ἐδά-

438 1738 471 1771 9.
509 1723 905 1772 διαπρεσβευσαμένου
940 1727 1095 1762 correxit
1121 1727 1183 1762 Gr.
1203 1728 1319 1773 Vulgo
1344 1726 1738 1776 διαπρεσβευσάμενος
1763 1715 1805 1767 et

441 1777 528 1818 post
546 1772 707 1821 βασιλέα
725 1777 910 1817 punctum.

349 1855 508 1890 habenas
538 1855 767 1898 iracundiae,
807 1862 849 1891 ut
873 1858 1030 1903 quamvis
1060 1859 1166 1892 multi
1192 1858 1330 1899 adsint,
1363 1859 1415 1892 ita
1450 1859 1710 1893 contumeliose
1745 1869 1806 1895 me

350 1908 493 1943 tractes,
514 1902 554 1935 id
570 1907 635 1943 est,
656 1903 755 1947 quod
769 1914 966 1937 moerorem
985 1904 1075 1937 mihi
1093 1906 1188 1949 parit
1210 1904 1473 1938 incredibilem.
1512 1905 1550 1938 Si
1570 1906 1694 1952 itaque
1704 1906 1808 1939 Deus

351 1949 643 1982 misericordibus
663 1949 776 1982 oculis
794 1950 926 1983 delicta
943 1961 1021 1983 mea
1035 1952 1298 1995 respiciens,‘te
1318 1961 1464 1996 quoque
1482 1950 1528 1984 ad
1543 1951 1804 1987 humanitatem

354 2000 392 2028 et
410 1995 691 2028 misericordiam
710 1996 813 2037 mihi,
838 2002 964 2041 utpote
980 1997 1076 2037 filio,
1107 1996 1382 2041 impertiendam
1405 1996 1600 2039 inflexerit,
1625 1997 1722 2032 nihil
1743 2010 1804 2031 ac-

354 2041 485 2074 ciderit
508 2041 598 2074 mihi
623 2041 830 2085 optabilius.
877 2042 925 2075 At
944 2043 975 2075 si
997 2043 1035 2075 in
1059 2048 1243 2086 posterum
1260 2042 1379 2075 nihilo
1399 2044 1518 2076 minus
1542 2048 1614 2077 tam
1637 2054 1758 2078 aversa
1781 2054 1804 2078 a

356 2098 414 2120 me
434 2087 617 2120 voluntate
635 2088 775 2120 futurus
802 2099 859 2121 es:
887 2099 993 2133 quem
1014 2089 1232 2134 probaveris,
1261 2088 1358 2122 hunc
1379 2089 1630 2134 imperatorem
1654 2100 1721 2136 pro
1746 2101 1811 2124 me

357 2133 522 2178 designes
554 2134 650 2166 licet.
710 2133 806 2166 Haec
828 2134 998 2178 Iosephus
1031 2135 1166 2179 legatus
1195 2136 1339 2178 nepotis
1369 2135 1464 2180 apud
1491 2146 1594 2168 avum
1621 2138 1801 2182 exposuit.

358 2180 483 2215 Postea
503 2190 582 2211 cum
603 2190 665 2212 sua
686 2184 813 2223 sponte
837 2181 1002 2213 iuvenem
1033 2182 1164 2214 affatim
1192 2181 1439 2223 collaudasset,
1462 2182 1653 2228 verbisque
1677 2184 1805 2217 mitio-
1830 2180 1832 2214 l

359 2225 458 2264 ribus
478 2236 598 2258 senem
617 2226 776 2259 molliter
792 2227 977 2270 arguisset,
1003 2228 1065 2271 qui
1088 2228 1182 2260 iusto
1205 2228 1458 2261 inclementius
1476 2239 1514 2262 se
1531 2229 1572 2262 in
1592 2229 1804 2263 adolescen—
1831 2249 1832 2253 =

357 2277 432 2306 tem
460 2277 616 2316 gereret,
644 2272 708 2304 ille
739 2273 896 2305 vicissim
929 2273 1014 2306 talia
1041 2273 1228 2307 referenda
1255 2273 1373 2307 dedit:
1408 2274 1497 2307 Cum
1519 2280 1639 2319 patres
1670 2275 1806 2320 reliqui

360 2328 496 2358 omnes,
521 2317 663 2363 quando
689 2318 789 2351 coelo
805 2318 877 2351 frui
896 2325 1092 2363 coeperunt
1106 2320 1225 2360 liberi,
1250 2325 1325 2353 tum
1343 2321 1498 2364 primum
1517 2331 1578 2354 eos
1603 2332 1719 2355 amare
1744 2323 1805 2355 in-

361 2365 509 2408 cipiant,
532 2375 637 2409 quem
658 2375 811 2397 amorem
834 2365 922 2409 ipsis
941 2366 1182 2399 crescentibus
1209 2366 1406 2411 adaugent,
1440 2377 1503 2412 ego
1521 2372 1557 2400 te
1575 2367 1666 2401 adeo
1680 2369 1806 2409 amavi,

361 2411 469 2444 etiam
498 2416 686 2455 antequam
713 2416 816 2443 natus
843 2422 956 2452 esses,
980 2417 1022 2445 ut
1046 2423 1120 2445 non
1144 2423 1276 2456 paucos
1306 2418 1464 2456 spectata
1490 2414 1625 2447 virtute
1646 2425 1688 2447 ac
1709 2415 1811 2447 vitae·

360 2457 594 2490 sanctimonia
611 2455 716 2489 huius
736 2458 789 2490 rei
810 2462 918 2490 testes
937 2458 1097 2491 habeam.
1144 2458 1226 2492 Non
1249 2459 1345 2492 enim
1367 2465 1433 2500 est,
1456 2470 1530 2493 non
1557 2466 1623 2501 est,
1646 2461 1807 2506 inquam,

360 2503 505 2535 illorum
525 2503 630 2543 ullus,
659 2514 765 2547 quem
785 2515 859 2536 non
884 2515 988 2549 saepe
1006 2505 1172 2548 impense
1193 2506 1399 2550 rogaverim,
1419 2505 1584 2539 ardentes
1605 2511 1642 2540 et
1665 2507 1810 2540 crebras

360 2549 439 2581 Deo
459 2559 582 2592 preces
604 2549 777 2589 fundere,
806 2561 880 2582 non
908 2555 1058 2591 tantum,
1087 2556 1129 2584 ut
1153 2562 1199 2584 ne
1222 2550 1311 2596 quid
1334 2552 1471 2585 sinistri
1495 2553 1535 2584 in
1558 2558 1676 2586 ortum
1703 2558 1806 2586 tuum

361 2594 558 2635 incideret,
574 2605 694 2628 verum
709 2595 816 2628 etiam
834 2601 875 2629 ut
890 2602 994 2630 natus
1013 2597 1252 2642 undequaque
1268 2598 1424 2642 optimus
1439 2599 1604 2642 votisque
1621 2604 1692 2632 tam
1710 2599 1805 2631 mul-

360 2642 408 2674 tis
429 2640 556 2685 dignus
575 2641 773 2675 redderere.
823 2641 922 2686 Quin
943 2654 1006 2687 ego
1027 2644 1123 2687 ipse,
1148 2649 1282 2677 temere
1309 2644 1475 2689 quidem,
1501 2644 1635 2685 fateor,
1661 2644 1809 2690 quando·

356 2693 504 2733 propter
530 2689 624 2722 vitae
653 2688 921 2734 perversitatem
945 2690 1161 2735 impetrandi
1189 2690 1319 2725 fiducia
1347 2690 1527 2732 carebam,
1562 2697 1681 2726 tamen
1709 2690 1809 2724 idem
