1832 3138
286 100 306 139 1
319 102 388 137 22
803 95 1173 143 CANTAcanm

78 202 160 244 Le.
181 207 342 246 ιὸαισει
378 198 479 258 περὶ
508 199 642 255 ἧμαῗν.
678 198 977 257 ἀναμιμνήσκω
1011 203 1058 244 δέ
1086 216 1134 244 σε
1162 202 1235 245 καί
1269 195 1331 246 ὧν
1358 198 1489 255 αὔτός-
1522 205 1715 262 ἐφθέγξω

238 267 417 322 Βλόγων,
445 266 566 323 ἡμῶν
594 266 693 322 περὶ
717 267 792 308 τοῦ
815 268 861 309 τί
886 267 958 309 δεῖ
972 266 1168 324 πράττειν
1195 269 1242 311 ἐν
1264 269 1487 328 Βυζαντίῳ
1513 273 1716 325 βουλευο-

268 335 419 387 μένων.
456 333 535 374 σοῦ
557 329 740 388 γὰρ’καὶ
769 332 1139 390 πρωτοστράτορος
1174 332 1275 390 περὶ
1303 336 1382 376 τοῦ
1404 337 1612 389 βασιλέως
1634 331 1715 378 ὅσα

270 397 344 440 καί
362 393 492 447 αὐτὸς
521 394 647 440 οἶσθα
677 397 898 453 εἰπόντων,
926 399 1031 452 ἐμοῦ
1065 401 1111 441 δὲ
1139 399 1341 442 τάναντία
1362 402 1716 455 βουλευσαμένου,

268 461 498 516 θαυμάσας
519 459 645 512 αὐτὸς
663 465 876 518 ,,πέποιθα
894 466 1068 522 σαφῶς”
1084 463 1188 520 ἔφης
1212 465 1314 517 „gat
1325 465 1423 522 θεῷ,
1441 465 1498 516 ὥς
1518 467 1600 508 σοῦ’
1617 467 1745 518 τοῦ-5

268 543 340 569 τον
356 525 431 570 τόν
452 525 605 585 τρόπον
621 530 719 586 περὶ
738 528 813 571 τὸν
831 528 1000 571 πάππον
1016 528 1091 571 καὶ
1106 531 1283 584 βασιλέα
1299 531 1576 584 διακειμένου,
1587 527 1718 581 αὖτός

268 593 290 635 ὁ
311 591 412 644 θεὸς
447 594 672 650 πολεμήσει
698 594 802 651 ὑπὲρ
825 596 970 651 ἡμῶν,
1007 595 1121 651 ἡμᾶς
1144 597 1191 636 δὲ
1217 591 1475 652 ἆμεριζιινους
1505 595 1715 653 ποιήσει.”

268 661 424 714 σκέψαι
456 658 598 703 τοίνυν
625 657 650 702 ὃ
676 661 840 714 μέλλεις
870 662 985 719 δρᾷν·
1033 660 1101 703 σοι’
1127 659 1207 718 γὰρ
1243 661 1265 704 ὅ
1299 659 1418 716 λόγος
1447 660 1612 718 εἴρηται
1641 659 1717 704 οὗ·

267 728 398 769 τοσι’.”
459 727 641 769 Τοιαῦτα
663 729 741 769 τοῦ
762 729 968 782 βασιλέως
989 728 1202 781 εἰπόντος,
1231 728 1422 770 ἐνίστατο
1450 728 1530 781 μὲν
1554 726 1580 770 ὅ
1605 730 1718 783 Συρ-

265 791 439 847 γιάννης
464 793 854 850 σεσυκοφαντῆσθαι
884 793 1071 849 φάσκων,
1100 794 1172 835 καί
1191 787 1249 835 ὧν
1278 790 1556 849 κατηγόρηται
1580 794 1774 848 μηδὲνιο

269 855 423 914 ἀληθὲς
445 854 566 900 εἶναι·
616 859 675 917 τῷ
706 859 754 900 δὲ
793 857 853 915 μὴ
877 858 1053 913 βεβαίας
1088 859 1355 915 παρέχεσθαι
1392 860 1494 914 μηδ’
1533 859 1719 917 ἐναργεῖς

236 922 352 974 ῦτάς
382 920 616 974 ἀποδείξεις
643 922 748 980 ὑπὲρ
779 919 839 967 ὧν
870 930 1155 980 κατηγορεῖτο,
1193 923 1384 978 ὑποψίαν
1414 921 1463 967 οὗ
1481 921 1639 981 μικρὰν
1659 925 1719 981 τῷ

273 988 559 1044 στοχάζεσθαι
582 987 632 1031 τὰ
659 989 885 1045 πράγματα
908 989 1130 1046 παρείχετο
1157 990 1374 1048 δυναμένῳ
1398 990 1447 1032 ἐκ
1466 990 1553 1032 τῶν
1572 986 1719 1044 λόγων,

273 1053 509 1111 αἳςῖπονηρὰ
534 1053 724 1097 σύνοιδεν
753 1052 901 1114 ἑαυτῷ.
932 1057 1008 1097 τοῦ
1029 1057 1172 1109 μέντοι
1202 1057 1411 1110 βασιλέως
1434 1053 1537 1104 τοὺς
1562 1051 1720 1104 αὐτοὺς

272 1120 419 1176 λόγους
439 1119 562 1163 πάλιν
592 1120 876 1175 ἀναλαβόντος
889 1156 902 1176 ,
932 1124 1005 1165 καί
1022 1121 1212 1178 θάρσους
1235 1118 1534 1177 ἐμπλήσαντος,
1560 1117 1618 1170 ὥς
1645 1115 1773 1170 οὖ-ιὸ

273 1189 346 1230 δὲν
371 1181 493 1243 ἦττον
512 1182 540 1242 ἢ
560 1186 760 1243 πρότερον
782 1187 966 1241 εὐμενῶς
993 1189 1247 1231 διακείσεται
1277 1187 1385 1244 πρὸς
1407 1185 1558 1245 ἀύτὸν,
1585 1182 1720 1242 ἇπῆλ-

270 1256 358 1295 θεν.
403 1253 450 1294 ἐκ
481 1253 624 1306 μέντοι
647 1255 885 1305 Βυζαντίου
918 1252 1034 1311 παρὰ
1062 1257 1145 1296 τῶν
1172 1255 1250 1296 τοῦ
1280 1256 1375 1297 νέου
1406 1253 1614 1313 βασιλέως
1641 1251 1719 1308 οἶγ-

270 1315 408 1373 γελίαι
442 1316 646 1375 ὁσημέραι
673 1318 925 1375 ἀφικνοῦντο
959 1320 1119 1376 φίλων,
1166 1317 1220 1363 τά
1254 1335 1299 1363 τε
1325 1318 1424 1376 περὶ
1457 1316 1719 1377 Συργιάννην

270 1383 495 1427 πειθουσαι
515 1384 572 1434 ὦς
593 1383 656 1441 εἴη
684 1381 824 1440 ἀληθῆ
837 1419 850 1439 ,
888 1384 960 1428 καὶ
985 1382 1049 1428 ὅτι
1078 1385 1279 1441 βασιλεύς
1300 1383 1322 1428 ὅ
1354 1385 1637 1442 πρεσβύτερος
1663 1383 1720 1427 τοὶ

270 1448 375 1505 πρὸς
405 1449 479 1492 τὸν
503 1449 684 1504 πόλεμον
706 1450 948 1508 ἐξαρτύεται
973 1452 1137 1507 πάντα,
1167 1452 1223 1503 ὥς
1247 1449 1338 1506 ἅμα
1369 1453 1428 1510 τῷ
1456 1451 1775 1507 Συργιάννηνὶο

275 1511 510 1571 ἀφικέσθαι
536 1512 947 1572 ἅναῤῥαγησομένου.
996 1513 1094 1575 ἄρτι
1118 1519 1165 1560 δὲ
1194 1519 1268 1561 τοῦ
1292 1518 1501 1573 χειμῶνος
1522 1517 1711 1573 ἅρχομέ-

233 1585 374 1634 Βνου,
407 1579 660 1636 Ὀκτωβρίου
688 1581 820 1637 μηνὸς
849 1584 1011 1641 πέμπτῃ
1038 1582 1289 1638 ἱσταμένου,
1331 1583 1460 1627 πάλιν
1478 1583 1500 1626 ὅ
1520 1582 1720 1637 βασιλεὺς

273 1645 520 1696 ἰδιαζόντως
554 1644 637 1702 ἔφη
675 1647 776 1702 πρὸς
811 1647 1086 1704 Συργιάννην·
1138 1650 1246 1703 „0132
1286 1646 1435 1702 οἴομαί
1457 1663 1506 1692 σε
1537 1642 1598 1692 οἷν
1636 1647 1718 1705 πρὸ

270 1709 426 1767 χρόνου
460 1714 614 1768 μικροῦ
646 1712 751 1769 πρός
787 1728 835 1756 σε
866 1715 1103 1770 διειλέχθην
1139 1716 1428 1770 ἐπιλελῆσθαι.
1468 1714 1530 1755 ’ἐκ
1562 1713 1653 1756 τότε
1680 1714 1723 1756 δ’

272 1808 415 1846 mecum
447 1811 632 1847 decertare
665 1811 763 1859 apud
797 1812 958 1847 animum
990 1816 1205 1860 proposuit,
1236 1825 1303 1848 nos
1328 1814 1408 1848 Deo
1437 1813 1538 1848 cordi
1573 1798 1720 1853 erimus,

272 1859 474 1894 Recordare
497 1860 689 1895 verborum
712 1867 876 1903 tuorum,
902 1872 984 1894 cum
1010 1862 1174 1905 Byzantii
1198 1862 1244 1895 de
1268 1866 1365 1895 statu
1390 1872 1511 1895 rerum
1535 1861 1720 1895 consulta-

275 1917 405 1943 remus.
476 1906 568 1939 Cum
592 1908 689 1940 enim
712 1912 752 1941 tu
789 1912 826 1940 et
861 1912 1100 1953 protostrator
1140 1919 1249 1954 super
1283 1919 1348 1942 avo
1388 1918 1482 1954 quae
1517 1906 1722 1942 meministi

276 1953 412 1985 elocuti
439 1953 585 1994 essetis,
616 1964 673 1987 me
708 1954 816 1999 longe
839 1953 940 1987 aliud
965 1956 1172 1997 sentiente,
1199 1961 1240 1989 tu
1271 1954 1370 1988 hunc
1405 1954 1565 1987 animum
1599 1964 1721 1987 meum

275 2000 498 2043 suspiciens,
523 2000 634 2033 fidere
660 2001 739 2034 Deo
770 2006 807 2034 te
834 2000 1005 2041 dicebas,
1031 2003 1107 2048 qui,
1131 2013 1189 2035 me
1219 2006 1294 2034 tam
1329 2001 1526 2035 clementer
1549 2001 1589 2034 in
1614 2010 1721 2033 avum

276 2047 426 2086 affecto,
453 2057 518 2090 pro
544 2047 652 2079 nobis
679 2052 901 2092 pugnaturus
925 2059 1065 2094 nosque
1097 2049 1196 2081 omni
1222 2059 1307 2081 cura
1333 2053 1371 2082 et
1401 2045 1651 2081 sollicitudine
1672 2046 1723 2080 li-

275 2091 466 2126 beraturus
491 2098 593 2127 esset.
646 2093 770 2139 Quare
798 2094 887 2140 quid
911 2105 991 2140 agas
1020 2094 1180 2138 dispice;
1216 2099 1280 2128 tua
1314 2095 1453 2140 quippe
1491 2103 1599 2127 causa
1633 2091 1723 2126 haee

277 2138 374 2172 dicta
399 2144 494 2174 sunt.
543 2139 662 2173 Simul
683 2141 794 2174 finem
828 2140 1006 2186 loquendi
1034 2140 1139 2175 dedit
1162 2143 1380 2186 imperator,
1413 2141 1626 2185 Syrgianues
1652 2139 1722 2172 ad·-

275 2186 410 2218 versari
435 2197 475 2219 ac
499 2197 536 2219 se
571 2198 639 2232 per
678 2186 892 2220 calumniam
924 2187 1083 2221 delatum
1116 2194 1304 2234 totamque
1342 2188 1607 2220 accusationem
1643 2195 1722 2219 esse

276 2234 561 2267 commentitiam
584 2233 765 2267 affirmare.
823 2231 991 2268 Attamen
1025 2234 1124 2280 quod
1156 2234 1431 2268 asseverationis
1456 2233 1565 2266 huius
1599 2243 1722 2278 neque

276 2278 423 2320 solidas,
447 2290 565 2326 neque
593 2280 702 2314 claras
726 2279 961 2325 probationes
989 2281 1203 2322 adducebat,
1228 2292 1310 2315 eum
1335 2280 1579 2314 conscientiae
1597 2278 1721 2312 labem

276 2326 316 2358 in
340 2326 460 2359 animo
486 2326 622 2360 habere
646 2327 764 2361 bonus
790 2337 909 2360 rerum
936 2329 1144 2361 aestimator
1165 2339 1240 2369 non
1263 2327 1392 2361 leviter
1417 2324 1591 2371 suspicari
1614 2330 1723 2369 pote-

277 2375 344 2405 rat.
402 2373 448 2406 At
490 2373 709 2417 Imperatore
746 2372 873 2407 eadem
910 2373 1089 2415 iterante,
1123 2385 1165 2407 ac
1200 2385 1301 2419 spem
1324 2373 1515 2407 maximam
1545 2371 1720 2406 iniicien-

277 2423 337 2458 te,
362 2430 445 2454 snon
477 2420 597 2452 minus
628 2432 736 2467 quam
770 2419 922 2454 antehac
947 2420 1017 2453 sibi
1049 2432 1168 2454 carum
1192 2420 1294 2462 fore,
1332 2431 1352 2453 e
1386 2423 1580 2464 conspectu
1616 2417 1719 2451 abiit.

277 2465 449 2507 Byzantio
475 2471 594 2499 autem
619 2466 826 2513 quotidiani
851 2467 895 2500 ab
925 2467 1048 2501 amicis
1071 2466 1269 2500 veniebant
1291 2466 1438 2506 nuntii,
1487 2465 1721 2509 Syrgiannem

277 2511 499 2555 proditorem
529 2523 627 2553 esse,
666 2519 703 2547 et
733 2515 998 2559 quamprimum
1030 2514 1094 2547 ine
1130 2515 1310 2554 affuisset,
1344 2523 1447 2546 avum
1484 2513 1524 2544 in
1557 2510 1721 2551 bellum,

279 2558 378 2637 guod
402 2559 620 2613 omnimodis
646 2560 718 2593 iam
740 2565 922 2605 parasset,
949 2566 1173 2615 erupturum:
1223 2559 1352 2615 {fleme
1383 2562 1598 2604 appetente,
1635 2561 1721 2611 ante

306 2615 378 2637 iem
402 2610 550 2639 tertium
566 2605 687 2640 Nonas
709 2607 883 2640 Octobres
904 2607 1136 2652 Syrgiannem
1161 2618 1283 2639 iunior
1305 2611 1500 2650 imperator
1526 2606 1721 2649 separatim

280 2649 399 2684 denuo
425 2653 477 2685 sic
505 2658 560 2685 est
589 2654 736 2686 affatus:
767 2653 809 2688 In
843 2654 1015 2687 memoria
1057 2653 1128 2687 tibi
1174 2663 1250 2686 esse
1283 2657 1448 2693 autumo,
1483 2662 1575 2698 quae
1604 2659 1723 2695 nuper

278 2701 397 2731 tecum
422 2699 487 2744 egi.
538 2699 590 2732 Ex
614 2709 658 2735 eo
684 2708 799 2746 usque
825 2699 936 2734 hodie
959 2700 999 2734 in
1026 2699 1105 2734 dies
1136 2698 1296 2745 singulos
1320 2697 1411 2732 mihi
1437 2697 1652 2737 nuntiatur,
1682 2699 1722 2729 te
