<?xml version="1.0" encoding="UTF-8"?>
<!DOCTYPE html PUBLIC "-//W3C//DTD XHTML 1.0 Transitional//EN"
    "http://www.w3.org/TR/xhtml1/DTD/xhtml1-transitional.dtd">
<html xmlns="http://www.w3.org/1999/xhtml" xml:lang="en" lang="en">
 <head>
  <title>
</title>
<meta http-equiv="Content-Type" content="text/html;charset=utf-8" />
  <meta name='ocr-system' content='tesseract 3.04.00' />
  <meta name='ocr-capabilities' content='ocr_page ocr_carea ocr_par ocr_line ocrx_word'/>
</head>
<body>
  <div class='ocr_page' id='page_1' title='image "./corpusscriptorum23niebuoft_0263.png"; bbox 0 0 1852 3146; ppageno 0'>
   <div class='ocr_carea' id='block_1_1' title="bbox 569 92 1550 141">
    <p class='ocr_par' dir='ltr' id='par_1_1' title="bbox 569 92 1550 141">
     <span class='ocr_line' id='line_1_1' title="bbox 569 92 1550 141; baseline -0.006 -6"><span class='ocrx_word' id='word_1_1' title='bbox 569 92 951 136; x_wconf 75' lang='lat' dir='ltr'>HISTORIARUM</span> <span class='ocrx_word' id='word_1_2' title='bbox 979 96 1011 136; x_wconf 89' lang='lat'><strong><em>1.</em></strong></span> <span class='ocrx_word' id='word_1_3' title='bbox 1040 96 1110 141; x_wconf 69' lang='lat'><strong><em>[15.</em></strong></span> <span class='ocrx_word' id='word_1_4' title='bbox 1446 93 1514 131; x_wconf 77' lang='lat'><strong><em>22</em></strong></span> <span class='ocrx_word' id='word_1_5' title='bbox 1531 93 1550 129; x_wconf 86' lang='lat'>1</span> 
     </span>
    </p>
   </div>
   <div class='ocr_carea' id='block_1_2' title="bbox 36 189 1758 1770">
    <p class='ocr_par' dir='ltr' id='par_1_2' title="bbox 42 189 1758 257">
     <span class='ocr_line' id='line_1_2' title="bbox 42 189 1758 257; baseline -0.002 -21"><span class='ocrx_word' id='word_1_6' title='bbox 42 233 51 257; x_wconf 39' lang='grc' dir='ltr'><strong><em>,ι</em></strong></span> <span class='ocrx_word' id='word_1_7' title='bbox 107 195 214 236; x_wconf 76' lang='grc' dir='ltr'><strong><em>σθαι</em></strong></span> <span class='ocrx_word' id='word_1_8' title='bbox 237 190 351 251; x_wconf 63' lang='grc' dir='ltr'><strong><em>χρή.</em></strong></span> <span class='ocrx_word' id='word_1_9' title='bbox 401 189 470 234; x_wconf 82' lang='grc' dir='ltr'><strong><em>διὸ</em></strong></span> <span class='ocrx_word' id='word_1_10' title='bbox 501 189 552 248; x_wconf 75' lang='grc' dir='ltr'><em>δὴ</em></span> <span class='ocrx_word' id='word_1_11' title='bbox 583 191 657 235; x_wconf 74' lang='grc' dir='ltr'><strong><em>καὶ</em></strong></span> <span class='ocrx_word' id='word_1_12' title='bbox 683 190 854 249; x_wconf 88' lang='grc' dir='ltr'><strong><em>σφόδρα</em></strong></span> <span class='ocrx_word' id='word_1_13' title='bbox 882 208 960 236; x_wconf 91' lang='grc' dir='ltr'><strong><em>σου</em></strong></span> <span class='ocrx_word' id='word_1_14' title='bbox 989 193 1165 248; x_wconf 75' lang='grc' dir='ltr'><strong><em>δέομαι,</em></strong></span> <span class='ocrx_word' id='word_1_15' title='bbox 1191 193 1392 248; x_wconf 79' lang='grc' dir='ltr'><strong><em>βασιλεῦ’,</em></strong></span> <span class='ocrx_word' id='word_1_16' title='bbox 1420 193 1462 237; x_wconf 85' lang='grc' dir='ltr'><strong><em>εἶ</em></strong></span> <span class='ocrx_word' id='word_1_17' title='bbox 1483 194 1758 247; x_wconf 72' lang='grc' dir='ltr'><strong><em>μὲνΔ.Ο.ι3η</em></strong></span> 
     </span>
    </p>

    <p class='ocr_par' dir='ltr' id='par_1_3' title="bbox 44 255 1565 320">
     <span class='ocr_line' id='line_1_3' title="bbox 44 255 1565 320; baseline 0 -18"><span class='ocrx_word' id='word_1_18' title='bbox 44 315 51 320; x_wconf 21' lang='lat' dir='ltr'>q</span> <span class='ocrx_word' id='word_1_19' title='bbox 108 255 199 304; x_wconf 81' lang='grc' dir='ltr'><strong><em>οἶόν</em></strong></span> <span class='ocrx_word' id='word_1_20' title='bbox 232 274 306 313; x_wconf 79' lang='grc' dir='ltr'><strong><em>τε,</em></strong></span> <span class='ocrx_word' id='word_1_21' title='bbox 348 258 585 301; x_wconf 73' lang='grc' dir='ltr'><strong><em>καταλῦσαι</em></strong></span> <span class='ocrx_word' id='word_1_22' title='bbox 621 258 700 314; x_wconf 81' lang='grc' dir='ltr'><strong><em>τὴν</em></strong></span> <span class='ocrx_word' id='word_1_23' title='bbox 738 257 904 315; x_wconf 83' lang='grc' dir='ltr'><strong><em>ἔχθραν</em></strong></span> <span class='ocrx_word' id='word_1_24' title='bbox 942 259 1016 302; x_wconf 82' lang='grc' dir='ltr'><strong><em>καί</em></strong></span> <span class='ocrx_word' id='word_1_25' title='bbox 1047 258 1127 315; x_wconf 77' lang='grc' dir='ltr'><strong><em>τήν</em></strong></span> <span class='ocrx_word' id='word_1_26' title='bbox 1154 259 1324 316; x_wconf 77' lang='grc' dir='ltr'><em>εἰρήνην</em></span> <span class='ocrx_word' id='word_1_27' title='bbox 1350 261 1508 314; x_wconf 82' lang='grc' dir='ltr'><strong><em>μᾶλλον</em></strong></span> <span class='ocrx_word' id='word_1_28' title='bbox 1534 255 1565 316; x_wconf 79' lang='grc' dir='ltr'><em>ἢ</em></span> 
     </span>
    </p>

    <p class='ocr_par' dir='ltr' id='par_1_4' title="bbox 45 319 1566 383">
     <span class='ocr_line' id='line_1_4' title="bbox 45 319 1566 383; baseline 0.001 -16"><span class='ocrx_word' id='word_1_29' title='bbox 45 354 49 361; x_wconf 86' lang='lat'><em>-</em></span> <span class='ocrx_word' id='word_1_30' title='bbox 106 321 180 367; x_wconf 75' lang='grc' dir='ltr'><strong><em>τὸν</em></strong></span> <span class='ocrx_word' id='word_1_31' title='bbox 206 323 390 379; x_wconf 81' lang='grc' dir='ltr'><strong><em>πόλεμον</em></strong></span> <span class='ocrx_word' id='word_1_32' title='bbox 416 319 614 366; x_wconf 74' lang='grc' dir='ltr'><strong><em>ἑλέσθαι.</em></strong></span> <span class='ocrx_word' id='word_1_33' title='bbox 656 325 697 367; x_wconf 84' lang='grc' dir='ltr'><strong><em>εἰ</em></strong></span> <span class='ocrx_word' id='word_1_34' title='bbox 723 325 765 366; x_wconf 87' lang='grc' dir='ltr'><strong><em>δ’</em></strong></span> <span class='ocrx_word' id='word_1_35' title='bbox 790 324 864 367; x_wconf 76' lang='grc' dir='ltr'><strong><em>ἐπὶ</em></strong></span> <span class='ocrx_word' id='word_1_36' title='bbox 887 326 1085 367; x_wconf 75' lang='grc' dir='ltr'><strong><em>τοσοῦτον</em></strong></span> <span class='ocrx_word' id='word_1_37' title='bbox 1113 323 1152 367; x_wconf 83' lang='grc' dir='ltr'><strong><em>οἱ</em></strong></span> <span class='ocrx_word' id='word_1_38' title='bbox 1178 327 1263 368; x_wconf 90' lang='grc' dir='ltr'><strong><em>τῶν</em></strong></span> <span class='ocrx_word' id='word_1_39' title='bbox 1290 326 1566 383; x_wconf 78' lang='grc' dir='ltr'><strong><em>συκοφαντῶν</em></strong></span> 
     </span>
    </p>

    <p class='ocr_par' dir='ltr' id='par_1_5' title="bbox 46 385 1567 448">
     <span class='ocr_line' id='line_1_5' title="bbox 46 385 1567 448; baseline 0.001 -16"><span class='ocrx_word' id='word_1_40' title='bbox 46 398 50 443; x_wconf 66' lang='grc' dir='ltr'>ᾗ</span> <span class='ocrx_word' id='word_1_41' title='bbox 105 386 292 445; x_wconf 77' lang='grc' dir='ltr'><strong><em>ἴσχυσαν</em></strong></span> <span class='ocrx_word' id='word_1_42' title='bbox 318 385 460 445; x_wconf 78' lang='grc' dir='ltr'><strong><em>λόγοι,</em></strong></span> <span class='ocrx_word' id='word_1_43' title='bbox 488 386 590 432; x_wconf 71' lang='grc' dir='ltr'><strong><em>ὥστ’</em></strong></span> <span class='ocrx_word' id='word_1_44' title='bbox 615 391 692 444; x_wconf 79' lang='grc' dir='ltr'><strong><em>ἐμὲ</em></strong></span> <span class='ocrx_word' id='word_1_45' title='bbox 719 388 854 434; x_wconf 79' lang='grc' dir='ltr'><strong><em>πολλοὶ</em></strong></span> <span class='ocrx_word' id='word_1_46' title='bbox 884 391 984 448; x_wconf 79' lang='grc' dir='ltr'><strong><em>περὶ</em></strong></span> <span class='ocrx_word' id='word_1_47' title='bbox 1008 389 1176 446; x_wconf 79' lang='grc' dir='ltr'><strong><em>εἰρήνης</em></strong></span> <span class='ocrx_word' id='word_1_48' title='bbox 1203 390 1395 445; x_wconf 87' lang='grc' dir='ltr'><strong><em>δεόμενον</em></strong></span> <span class='ocrx_word' id='word_1_49' title='bbox 1422 387 1567 435; x_wconf 79' lang='grc' dir='ltr'><strong><em>οἶνύειν</em></strong></span> 
     </span>
    </p>

    <p class='ocr_par' dir='ltr' id='par_1_6' title="bbox 42 451 1606 645">
     <span class='ocr_line' id='line_1_6' title="bbox 42 451 1606 514; baseline 0.003 -16"><span class='ocrx_word' id='word_1_50' title='bbox 42 496 46 500; x_wconf 73' lang='grc'><strong><em>,</em></strong></span> <span class='ocrx_word' id='word_1_51' title='bbox 79 455 253 512; x_wconf 71' lang='grc' dir='ltr'><strong><em>ὅμηδὲν,</em></strong></span> <span class='ocrx_word' id='word_1_52' title='bbox 279 451 326 498; x_wconf 76' lang='grc' dir='ltr'><strong><em>τό</em></strong></span> <span class='ocrx_word' id='word_1_53' title='bbox 346 469 393 510; x_wconf 77' lang='grc' dir='ltr'><strong><em>γε</em></strong></span> <span class='ocrx_word' id='word_1_54' title='bbox 417 454 610 512; x_wconf 83' lang='grc' dir='ltr'><strong><em>δεύτερον</em></strong></span> <span class='ocrx_word' id='word_1_55' title='bbox 637 454 810 499; x_wconf 79' lang='grc' dir='ltr'><em>ἱκετεύω</em></span> <span class='ocrx_word' id='word_1_56' title='bbox 824 489 838 510; x_wconf 93' lang='grc'><strong><em>,</em></strong></span> <span class='ocrx_word' id='word_1_57' title='bbox 865 457 939 498; x_wconf 78' lang='grc' dir='ltr'><strong><em>ε’πί</em></strong></span> <span class='ocrx_word' id='word_1_58' title='bbox 963 456 1044 498; x_wconf 83' lang='grc' dir='ltr'><strong><em>σοῦ</em></strong></span> <span class='ocrx_word' id='word_1_59' title='bbox 1066 452 1157 510; x_wconf 78' lang='grc' dir='ltr'><strong><em>ἅμα</em></strong></span> <span class='ocrx_word' id='word_1_60' title='bbox 1180 454 1254 498; x_wconf 83' lang='grc' dir='ltr'><strong><em>δύο</em></strong></span> <span class='ocrx_word' id='word_1_61' title='bbox 1277 453 1305 512; x_wconf 82' lang='grc' dir='ltr'><em>ἢ</em></span> <span class='ocrx_word' id='word_1_62' title='bbox 1331 459 1404 500; x_wconf 82' lang='grc' dir='ltr'>καί</span> <span class='ocrx_word' id='word_1_63' title='bbox 1427 458 1606 514; x_wconf 81' lang='grc' dir='ltr'><strong><em>τρισίνΙ)</em></strong></span> 
     </span>
     <span class='ocr_line' id='line_1_7' title="bbox 106 518 1568 578; baseline 0.001 -13"><span class='ocrx_word' id='word_1_64' title='bbox 106 518 288 572; x_wconf 70' lang='grc' dir='ltr'><strong><em>ἐλθόντα</em></strong></span> <span class='ocrx_word' id='word_1_65' title='bbox 315 521 584 578; x_wconf 77' lang='grc' dir='ltr'><strong><em>δικασθῆναι.</em></strong></span> <span class='ocrx_word' id='word_1_66' title='bbox 610 518 689 565; x_wconf 73' lang='grc' dir='ltr'><strong><em>κᾶν</em></strong></span> <span class='ocrx_word' id='word_1_67' title='bbox 714 523 795 576; x_wconf 79' lang='grc' dir='ltr'><strong><em>μὲν</em></strong></span> <span class='ocrx_word' id='word_1_68' title='bbox 818 519 1102 576; x_wconf 74' lang='grc' dir='ltr'><strong><em>ἄπολύσωμαι</em></strong></span> <span class='ocrx_word' id='word_1_69' title='bbox 1129 521 1209 572; x_wconf 77' lang='grc' dir='ltr'><strong><em>τὰς</em></strong></span> <span class='ocrx_word' id='word_1_70' title='bbox 1236 522 1395 576; x_wconf 82' lang='grc' dir='ltr'><strong><em>αἰτίας,</em></strong></span> <span class='ocrx_word' id='word_1_71' title='bbox 1430 525 1568 574; x_wconf 86' lang='grc' dir='ltr'><strong><em>καλῶς</em></strong></span> 
     </span>
     <span class='ocr_line' id='line_1_8' title="bbox 106 581 1569 645; baseline 0.001 -15"><span class='ocrx_word' id='word_1_72' title='bbox 106 581 162 631; x_wconf 65' lang='grc' dir='ltr'><strong><em>ἂν</em></strong></span> <span class='ocrx_word' id='word_1_73' title='bbox 189 585 306 643; x_wconf 75' lang='grc' dir='ltr'><strong><em>ἔχόι·</em></strong></span> <span class='ocrx_word' id='word_1_74' title='bbox 333 581 389 630; x_wconf 70' lang='grc' dir='ltr'><strong><em>ἄν</em></strong></span> <span class='ocrx_word' id='word_1_75' title='bbox 414 587 454 629; x_wconf 79' lang='grc' dir='ltr'><strong><em>δ’</em></strong></span> <span class='ocrx_word' id='word_1_76' title='bbox 480 583 639 631; x_wconf 80' lang='grc' dir='ltr'><strong><em>οἷδικῶν</em></strong></span> <span class='ocrx_word' id='word_1_77' title='bbox 667 586 757 630; x_wconf 76' lang='grc' dir='ltr'><strong><em>ἁλῶ</em></strong></span> <span class='ocrx_word' id='word_1_78' title='bbox 783 588 857 630; x_wconf 75' lang='grc' dir='ltr'><strong><em>καὶ</em></strong></span> <span class='ocrx_word' id='word_1_79' title='bbox 881 587 1098 643; x_wconf 77' lang='grc' dir='ltr'><strong><em>ἐπιορκῶν,</em></strong></span> <span class='ocrx_word' id='word_1_80' title='bbox 1129 589 1214 631; x_wconf 85' lang='grc' dir='ltr'><strong><em>τῶν</em></strong></span> <span class='ocrx_word' id='word_1_81' title='bbox 1236 590 1412 645; x_wconf 77' lang='grc' dir='ltr'><strong><em>μακρῶν</em></strong></span> <span class='ocrx_word' id='word_1_82' title='bbox 1432 589 1569 632; x_wconf 76' lang='grc' dir='ltr'><strong><em>ἀπαλ-</em></strong></span> 
     </span>
    </p>

    <p class='ocr_par' dir='ltr' id='par_1_7' title="bbox 38 649 1568 714">
     <span class='ocr_line' id='line_1_9' title="bbox 38 649 1568 714; baseline 0.002 -19"><span class='ocrx_word' id='word_1_83' title='bbox 38 690 39 694; x_wconf 73' lang='grc'><strong><em>,</em></strong></span> <span class='ocrx_word' id='word_1_84' title='bbox 105 653 265 712; x_wconf 75' lang='grc' dir='ltr'><strong><em>λαγήσῃ</em></strong></span> <span class='ocrx_word' id='word_1_85' title='bbox 294 649 458 708; x_wconf 83' lang='grc' dir='ltr'><strong><em>πόνων,</em></strong></span> <span class='ocrx_word' id='word_1_86' title='bbox 486 652 598 710; x_wconf 79' lang='grc' dir='ltr'><strong><em>ἔχων</em></strong></span> <span class='ocrx_word' id='word_1_87' title='bbox 624 656 672 698; x_wconf 77' lang='grc' dir='ltr'><strong><em>ἐν</em></strong></span> <span class='ocrx_word' id='word_1_88' title='bbox 694 652 824 711; x_wconf 78' lang='grc' dir='ltr'><strong><em>χερσὶ</em></strong></span> <span class='ocrx_word' id='word_1_89' title='bbox 846 652 924 698; x_wconf 86' lang='grc' dir='ltr'><strong><em>τὸν</em></strong></span> <span class='ocrx_word' id='word_1_90' title='bbox 951 653 1206 707; x_wconf 75' lang='grc' dir='ltr'><strong><em>ἀδικοῦντα,</em></strong></span> <span class='ocrx_word' id='word_1_91' title='bbox 1240 653 1316 697; x_wconf 80' lang='grc' dir='ltr'><strong><em>καὶ</em></strong></span> <span class='ocrx_word' id='word_1_92' title='bbox 1338 653 1398 711; x_wconf 74' lang='grc' dir='ltr'><strong><em>μὴ</em></strong></span> <span class='ocrx_word' id='word_1_93' title='bbox 1426 659 1568 714; x_wconf 82' lang='grc' dir='ltr'><strong><em>φείσῃ,</em></strong></span> 
     </span>
    </p>

    <p class='ocr_par' dir='ltr' id='par_1_8' title="bbox 30 712 1572 777">
     <span class='ocr_line' id='line_1_10' title="bbox 107 716 1572 777; baseline 0.002 -15.85"><span class='ocrx_word' id='word_1_94' title='bbox 107 716 218 776; x_wconf 77' lang='grc' dir='ltr'><strong><em>πρὸς</em></strong></span> <span class='ocrx_word' id='word_1_95' title='bbox 245 718 380 762; x_wconf 83' lang='grc' dir='ltr'><strong><em>αὖτοῧ</em></strong></span> <span class='ocrx_word' id='word_1_96' title='bbox 405 721 525 775; x_wconf 77' lang='grc' dir='ltr'><strong><em>θεοῦ,</em></strong></span> <span class='ocrx_word' id='word_1_97' title='bbox 554 716 664 763; x_wconf 84' lang='grc' dir='ltr'><strong><em>οἷλλοὶ</em></strong></span> <span class='ocrx_word' id='word_1_98' title='bbox 691 717 871 763; x_wconf 79' lang='grc' dir='ltr'><strong><em>κόλασον</em></strong></span> <span class='ocrx_word' id='word_1_99' title='bbox 899 719 1028 772; x_wconf 79' lang='grc' dir='ltr'><strong><em>ἄξι’ως</em></strong></span> <span class='ocrx_word' id='word_1_100' title='bbox 1054 721 1140 762; x_wconf 88' lang='grc' dir='ltr'><strong><em>τῶν</em></strong></span> <span class='ocrx_word' id='word_1_101' title='bbox 1167 719 1495 777; x_wconf 77' lang='grc' dir='ltr'><strong><em>ἁμαρτημάτων.</em></strong></span> <span class='ocrx_word' id='word_1_102' title='bbox 1527 722 1572 764; x_wconf 70' lang='grc' dir='ltr'><strong><em>εἷ</em></strong></span> 
     </span>
    </p>

    <p class='ocr_par' dir='ltr' id='par_1_9' title="bbox 36 777 1566 908">
     <span class='ocr_line' id='line_1_11' title="bbox 36 777 1566 844; baseline -0.003 -13"><span class='ocrx_word' id='word_1_103' title='bbox 36 777 160 834; x_wconf 54' lang='lat' dir='ltr'><strong><em>hod&amp;</em></strong></span> <span class='ocrx_word' id='word_1_104' title='bbox 179 781 242 840; x_wconf 82' lang='grc' dir='ltr'><em>μή</em></span> <span class='ocrx_word' id='word_1_105' title='bbox 270 783 394 829; x_wconf 67' lang='grc' dir='ltr'><strong><em>τοῦτό</em></strong></span> <span class='ocrx_word' id='word_1_106' title='bbox 423 801 491 828; x_wconf 91' lang='grc' dir='ltr'><strong><em>σοι</em></strong></span> <span class='ocrx_word' id='word_1_107' title='bbox 519 784 697 844; x_wconf 71' lang='grc' dir='ltr'><strong><em>ἀρεστὸν</em></strong></span> <span class='ocrx_word' id='word_1_108' title='bbox 706 820 721 841; x_wconf 91' lang='grc'><strong><em>,</em></strong></span> <span class='ocrx_word' id='word_1_109' title='bbox 748 783 793 829; x_wconf 85' lang='grc' dir='ltr'><strong><em>τὸ</em></strong></span> <span class='ocrx_word' id='word_1_110' title='bbox 825 783 952 828; x_wconf 74' lang='grc' dir='ltr'><strong><em>αὐτὸν</em></strong></span> <span class='ocrx_word' id='word_1_111' title='bbox 981 785 1058 839; x_wconf 78' lang='grc' dir='ltr'><strong><em>ἐμὲ</em></strong></span> <span class='ocrx_word' id='word_1_112' title='bbox 1084 783 1159 827; x_wconf 74' lang='grc' dir='ltr'><strong><em>ἐπὶ</em></strong></span> <span class='ocrx_word' id='word_1_113' title='bbox 1181 786 1260 827; x_wconf 81' lang='grc' dir='ltr'><strong><em>σοῦ’</em></strong></span> <span class='ocrx_word' id='word_1_114' title='bbox 1287 785 1467 829; x_wconf 80' lang='grc' dir='ltr'><strong><em>ἐλθόντα</em></strong></span> <span class='ocrx_word' id='word_1_115' title='bbox 1499 788 1566 829; x_wconf 88' lang='grc' dir='ltr'><strong><em>δι-</em></strong></span> 
     </span>
     <span class='ocr_line' id='line_1_12' title="bbox 107 845 1566 908; baseline 0.001 -15"><span class='ocrx_word' id='word_1_116' title='bbox 107 850 348 907; x_wconf 78' lang='grc' dir='ltr'><strong><em>κασθῆναι,</em></strong></span> <span class='ocrx_word' id='word_1_117' title='bbox 390 845 483 893; x_wconf 75' lang='grc' dir='ltr'><strong><em>ἄλλ’</em></strong></span> <span class='ocrx_word' id='word_1_118' title='bbox 521 848 544 894; x_wconf 80' lang='grc' dir='ltr'>ὅ</span> <span class='ocrx_word' id='word_1_119' title='bbox 580 854 714 908; x_wconf 77' lang='grc' dir='ltr'><strong><em>μέγας</em></strong></span> <span class='ocrx_word' id='word_1_120' title='bbox 752 851 994 906; x_wconf 85' lang='grc' dir='ltr'><strong><em>δομέστικος</em></strong></span> <span class='ocrx_word' id='word_1_121' title='bbox 1032 851 1132 906; x_wconf 78' lang='grc' dir='ltr'><strong><em>γοῦν</em></strong></span> <span class='ocrx_word' id='word_1_122' title='bbox 1159 848 1298 894; x_wconf 79' lang='grc' dir='ltr'><strong><em>ε’λθών</em></strong></span> <span class='ocrx_word' id='word_1_123' title='bbox 1326 852 1566 905; x_wconf 75' lang='grc' dir='ltr'><strong><em>δικαζέσθω</em></strong></span> 
     </span>
    </p>

    <p class='ocr_par' dir='ltr' id='par_1_10' title="bbox 45 911 1570 1106">
     <span class='ocr_line' id='line_1_13' title="bbox 45 911 1568 975; baseline 0.001 -17"><span class='ocrx_word' id='word_1_124' title='bbox 45 920 48 926; x_wconf 87' lang='grc'><strong>“</strong></span> <span class='ocrx_word' id='word_1_125' title='bbox 108 914 216 974; x_wconf 76' lang='grc' dir='ltr'><strong><em>ὗπὲρ</em></strong></span> <span class='ocrx_word' id='word_1_126' title='bbox 246 917 363 970; x_wconf 78' lang='grc' dir='ltr'><strong><em>ἐμοῦ.</em></strong></span> <span class='ocrx_word' id='word_1_127' title='bbox 391 911 471 960; x_wconf 67' lang='grc' dir='ltr'><strong><em>κᾶν</em></strong></span> <span class='ocrx_word' id='word_1_128' title='bbox 497 919 571 961; x_wconf 78' lang='grc' dir='ltr'><strong><em>καί</em></strong></span> <span class='ocrx_word' id='word_1_129' title='bbox 597 915 722 969; x_wconf 70' lang='grc' dir='ltr'><strong><em>αὐτὸς</em></strong></span> <span class='ocrx_word' id='word_1_130' title='bbox 750 917 850 975; x_wconf 75' lang='grc' dir='ltr'><strong><em>ἁλῷ,</em></strong></span> <span class='ocrx_word' id='word_1_131' title='bbox 878 916 930 959; x_wconf 80' lang='grc' dir='ltr'><strong><em>τὰ</em></strong></span> <span class='ocrx_word' id='word_1_132' title='bbox 960 914 1124 971; x_wconf 77' lang='grc' dir='ltr'><strong><em>ἔσχατα</em></strong></span> <span class='ocrx_word' id='word_1_133' title='bbox 1151 913 1419 971; x_wconf 74' lang='grc' dir='ltr'><strong><em>ὑπομενέτω·</em></strong></span> <span class='ocrx_word' id='word_1_134' title='bbox 1461 917 1568 961; x_wconf 79' lang='grc' dir='ltr'><strong><em>πάν-</em></strong></span> 
     </span>
     <span class='ocr_line' id='line_1_14' title="bbox 82 977 1569 1042; baseline 0.001 -18"><span class='ocrx_word' id='word_1_135' title='bbox 82 989 86 994; x_wconf 84' lang='grc'><strong><em>’</em></strong></span> <span class='ocrx_word' id='word_1_136' title='bbox 109 998 195 1033; x_wconf 80' lang='grc' dir='ltr'><strong><em>τως</em></strong></span> <span class='ocrx_word' id='word_1_137' title='bbox 232 982 281 1024; x_wconf 78' lang='grc' dir='ltr'><strong><em>δὲ</em></strong></span> <span class='ocrx_word' id='word_1_138' title='bbox 318 981 443 1030; x_wconf 76' lang='grc' dir='ltr'><strong><em>οὐδὲν</em></strong></span> <span class='ocrx_word' id='word_1_139' title='bbox 479 977 605 1041; x_wconf 82' lang='grc' dir='ltr'><strong><em>ἦττον</em></strong></span> <span class='ocrx_word' id='word_1_140' title='bbox 631 983 808 1040; x_wconf 74' lang='grc' dir='ltr'><strong><em>ἄλγὴσω,</em></strong></span> <span class='ocrx_word' id='word_1_141' title='bbox 833 978 862 1039; x_wconf 80' lang='grc' dir='ltr'><em>ἢ</em></span> <span class='ocrx_word' id='word_1_142' title='bbox 890 983 932 1025; x_wconf 83' lang='grc' dir='ltr'><strong><em>εἶ</em></strong></span> <span class='ocrx_word' id='word_1_143' title='bbox 958 979 1083 1032; x_wconf 76' lang='grc' dir='ltr'><strong><em>αὐτὸς</em></strong></span> <span class='ocrx_word' id='word_1_144' title='bbox 1109 984 1156 1026; x_wconf 81' lang='grc' dir='ltr'><strong><em>ἒν</em></strong></span> <span class='ocrx_word' id='word_1_145' title='bbox 1184 984 1243 1042; x_wconf 78' lang='grc' dir='ltr'><strong><em>τῷ</em></strong></span> <span class='ocrx_word' id='word_1_146' title='bbox 1272 981 1438 1038; x_wconf 80' lang='grc' dir='ltr'><strong><em>σώματι</em></strong></span> <span class='ocrx_word' id='word_1_147' title='bbox 1465 984 1569 1040; x_wconf 71' lang='grc' dir='ltr'><strong><em>ὑφι-</em></strong></span> 
     </span>
     <span class='ocr_line' id='line_1_15' title="bbox 109 1046 1570 1106; baseline -0.001 -13"><span class='ocrx_word' id='word_1_148' title='bbox 109 1046 276 1106; x_wconf 77' lang='grc' dir='ltr'><strong><em>στάμην</em></strong></span> <span class='ocrx_word' id='word_1_149' title='bbox 301 1047 356 1093; x_wconf 76' lang='grc' dir='ltr'><strong><em>τοὶ</em></strong></span> <span class='ocrx_word' id='word_1_150' title='bbox 384 1049 546 1094; x_wconf 55' lang='lat' dir='ltr'><strong><em>davd?</em></strong></span> <span class='ocrx_word' id='word_1_151' title='bbox 605 1051 789 1094; x_wconf 77' lang='grc' dir='ltr'><strong><em>Τοιαῦτα</em></strong></span> <span class='ocrx_word' id='word_1_152' title='bbox 827 1050 907 1104; x_wconf 82' lang='grc' dir='ltr'><strong><em>μὲν</em></strong></span> <span class='ocrx_word' id='word_1_153' title='bbox 933 1046 1135 1104; x_wconf 72' lang='grc' dir='ltr'><strong><em>βασιλεὺς</em></strong></span> <span class='ocrx_word' id='word_1_154' title='bbox 1174 1048 1197 1092; x_wconf 84' lang='grc' dir='ltr'>ὅ</span> <span class='ocrx_word' id='word_1_155' title='bbox 1226 1049 1320 1100; x_wconf 81' lang='grc' dir='ltr'><strong><em>νέος</em></strong></span> <span class='ocrx_word' id='word_1_156' title='bbox 1353 1051 1570 1094; x_wconf 78' lang='grc' dir='ltr'><strong><em>ἐπέστελλε</em></strong></span> 
     </span>
    </p>

    <p class='ocr_par' dir='ltr' id='par_1_11' title="bbox 60 1112 1572 1173">
     <span class='ocr_line' id='line_1_16' title="bbox 60 1112 1572 1173; baseline 0 -13"><span class='ocrx_word' id='word_1_157' title='bbox 60 1114 218 1173; x_wconf 72' lang='grc' dir='ltr'><strong><em>ιὸπρός</em></strong></span> <span class='ocrx_word' id='word_1_158' title='bbox 251 1112 324 1159; x_wconf 75' lang='grc' dir='ltr'><strong><em>τὸν</em></strong></span> <span class='ocrx_word' id='word_1_159' title='bbox 361 1115 532 1160; x_wconf 78' lang='grc' dir='ltr'><strong><em>πάππον</em></strong></span> <span class='ocrx_word' id='word_1_160' title='bbox 565 1115 642 1160; x_wconf 80' lang='grc' dir='ltr'><strong><em>καὶ</em></strong></span> <span class='ocrx_word' id='word_1_161' title='bbox 675 1116 854 1172; x_wconf 80' lang='grc' dir='ltr'><strong><em>βασιλέα</em></strong></span> <span class='ocrx_word' id='word_1_162' title='bbox 869 1131 881 1145; x_wconf 91' lang='grc'><em>·</em></span> <span class='ocrx_word' id='word_1_163' title='bbox 930 1114 1006 1158; x_wconf 77' lang='grc' dir='ltr'><em>καί</em></span> <span class='ocrx_word' id='word_1_164' title='bbox 1038 1113 1059 1158; x_wconf 84' lang='grc' dir='ltr'>ὅ</span> <span class='ocrx_word' id='word_1_165' title='bbox 1089 1117 1223 1171; x_wconf 79' lang='grc' dir='ltr'><strong><em>μέγας</em></strong></span> <span class='ocrx_word' id='word_1_166' title='bbox 1250 1117 1298 1158; x_wconf 82' lang='grc' dir='ltr'><strong><em>δὲ</em></strong></span> <span class='ocrx_word' id='word_1_167' title='bbox 1326 1117 1572 1171; x_wconf 78' lang='grc' dir='ltr'><strong><em>δομέστικος</em></strong></span> 
     </span>
    </p>

    <p class='ocr_par' dir='ltr' id='par_1_12' title="bbox 53 1177 1699 1440">
     <span class='ocr_line' id='line_1_17' title="bbox 53 1177 1699 1240; baseline 0.001 -16"><span class='ocrx_word' id='word_1_168' title='bbox 53 1234 56 1238; x_wconf 89' lang='lat'>.</span> <span class='ocrx_word' id='word_1_169' title='bbox 110 1182 288 1225; x_wconf 77' lang='grc' dir='ltr'><strong><em>τοιαῦτα</em></strong></span> <span class='ocrx_word' id='word_1_170' title='bbox 315 1178 492 1240; x_wconf 76' lang='grc' dir='ltr'><strong><em>ἔγραψε,</em></strong></span> <span class='ocrx_word' id='word_1_171' title='bbox 521 1181 712 1238; x_wconf 83' lang='grc' dir='ltr'><strong><em>δεόμενος</em></strong></span> <span class='ocrx_word' id='word_1_172' title='bbox 749 1179 848 1239; x_wconf 79' lang='grc' dir='ltr'><strong><em>περὶ</em></strong></span> <span class='ocrx_word' id='word_1_173' title='bbox 870 1182 965 1225; x_wconf 75' lang='grc' dir='ltr'><strong><em>’τῶν</em></strong></span> <span class='ocrx_word' id='word_1_174' title='bbox 993 1177 1158 1225; x_wconf 74' lang='grc' dir='ltr'><strong><em>αὐτῶν·</em></strong></span> <span class='ocrx_word' id='word_1_175' title='bbox 1194 1181 1422 1239; x_wconf 61' lang='grc' dir='ltr'><strong><em>»κράτιστε</em></strong></span> <span class='ocrx_word' id='word_1_176' title='bbox 1447 1186 1614 1238; x_wconf 85' lang='grc' dir='ltr'><strong><em>βασι-Ρ.</em></strong></span> <span class='ocrx_word' id='word_1_177' title='bbox 1626 1189 1699 1232; x_wconf 77' lang='grc'><strong><em>137</em></strong></span> 
     </span>
     <span class='ocr_line' id='line_1_18' title="bbox 110 1243 1571 1306; baseline 0.001 -14"><span class='ocrx_word' id='word_1_178' title='bbox 110 1247 202 1302; x_wconf 74' lang='grc' dir='ltr'><strong><em>λεὸ,</em></strong></span> <span class='ocrx_word' id='word_1_179' title='bbox 230 1243 455 1306; x_wconf 71' lang='grc' dir='ltr'><strong><em>ἀμφότερά</em></strong></span> <span class='ocrx_word' id='word_1_180' title='bbox 481 1265 531 1293; x_wconf 89' lang='grc' dir='ltr'><strong><em>σε</em></strong></span> <span class='ocrx_word' id='word_1_181' title='bbox 558 1247 702 1304; x_wconf 84' lang='grc' dir='ltr'><strong><em>οἴομαι</em></strong></span> <span class='ocrx_word' id='word_1_182' title='bbox 729 1250 880 1306; x_wconf 90' lang='grc' dir='ltr'><strong><em>σαφῶς</em></strong></span> <span class='ocrx_word' id='word_1_183' title='bbox 907 1250 1136 1292; x_wconf 83' lang='grc' dir='ltr'><strong><em>πεπεῖσθαι</em></strong></span> <span class='ocrx_word' id='word_1_184' title='bbox 1164 1250 1263 1306; x_wconf 75' lang='grc' dir='ltr'><strong><em>περὶ</em></strong></span> <span class='ocrx_word' id='word_1_185' title='bbox 1287 1251 1408 1304; x_wconf 79' lang='grc' dir='ltr'><strong><em>ἐμοῦ,</em></strong></span> <span class='ocrx_word' id='word_1_186' title='bbox 1435 1246 1501 1293; x_wconf 82' lang='grc' dir='ltr'><strong><em>ὅτι</em></strong></span> <span class='ocrx_word' id='word_1_187' title='bbox 1526 1267 1571 1294; x_wconf 79' lang='grc' dir='ltr'><strong><em>τε</em></strong></span> 
     </span>
     <span class='ocr_line' id='line_1_19' title="bbox 109 1310 1572 1374; baseline 0.001 -16"><span class='ocrx_word' id='word_1_188' title='bbox 109 1310 310 1365; x_wconf 79' lang='grc' dir='ltr'><strong><em>εὖνοῖκῶς</em></strong></span> <span class='ocrx_word' id='word_1_189' title='bbox 336 1314 552 1370; x_wconf 74' lang='grc' dir='ltr'><strong><em>διάκειμαι</em></strong></span> <span class='ocrx_word' id='word_1_190' title='bbox 578 1317 652 1360; x_wconf 77' lang='grc' dir='ltr'><strong><em>καὶ</em></strong></span> <span class='ocrx_word' id='word_1_191' title='bbox 678 1319 830 1374; x_wconf 86' lang='grc' dir='ltr'><strong><em>φιλιως</em></strong></span> <span class='ocrx_word' id='word_1_192' title='bbox 856 1314 960 1373; x_wconf 84' lang='grc' dir='ltr'><strong><em>περί</em></strong></span> <span class='ocrx_word' id='word_1_193' title='bbox 980 1331 1029 1358; x_wconf 89' lang='grc' dir='ltr'><strong><em>σε</em></strong></span> <span class='ocrx_word' id='word_1_194' title='bbox 1055 1316 1131 1357; x_wconf 85' lang='grc' dir='ltr'><em>καί</em></span> <span class='ocrx_word' id='word_1_195' title='bbox 1163 1314 1336 1367; x_wconf 70' lang='grc' dir='ltr'><strong><em>οὐδενός</em></strong></span> <span class='ocrx_word' id='word_1_196' title='bbox 1371 1332 1442 1360; x_wconf 87' lang='grc' dir='ltr'><strong><em>σοι</em></strong></span> <span class='ocrx_word' id='word_1_197' title='bbox 1468 1318 1572 1360; x_wconf 83' lang='grc' dir='ltr'><strong><em>δου-</em></strong></span> 
     </span>
     <span class='ocr_line' id='line_1_20' title="bbox 110 1375 1571 1440; baseline 0.003 -18"><span class='ocrx_word' id='word_1_198' title='bbox 110 1379 249 1423; x_wconf 81' lang='grc' dir='ltr'><strong><em>λεύειν</em></strong></span> <span class='ocrx_word' id='word_1_199' title='bbox 274 1375 395 1438; x_wconf 80' lang='grc' dir='ltr'><strong><em>ἦττον</em></strong></span> <span class='ocrx_word' id='word_1_200' title='bbox 421 1379 651 1440; x_wconf 72' lang='grc' dir='ltr'><strong><em>αἱροῦμαι,</em></strong></span> <span class='ocrx_word' id='word_1_201' title='bbox 692 1382 854 1425; x_wconf 78' lang='grc' dir='ltr'><strong><em>τούτων</em></strong></span> <span class='ocrx_word' id='word_1_202' title='bbox 889 1381 1125 1432; x_wconf 73' lang='grc' dir='ltr'><strong><em>ἀποδείξεις</em></strong></span> <span class='ocrx_word' id='word_1_203' title='bbox 1147 1381 1298 1439; x_wconf 84' lang='grc' dir='ltr'><strong><em>σαφῶς</em></strong></span> <span class='ocrx_word' id='word_1_204' title='bbox 1332 1384 1418 1425; x_wconf 85' lang='grc' dir='ltr'><strong><em>τῶν</em></strong></span> <span class='ocrx_word' id='word_1_205' title='bbox 1459 1400 1571 1440; x_wconf 86' lang='grc' dir='ltr'><strong><em>πρα-</em></strong></span> 
     </span>
    </p>

    <p class='ocr_par' dir='ltr' id='par_1_13' title="bbox 56 1443 1571 1507">
     <span class='ocr_line' id='line_1_21' title="bbox 56 1443 1571 1507; baseline 0.001 -16"><span class='ocrx_word' id='word_1_206' title='bbox 56 1443 282 1502; x_wconf 65' lang='grc' dir='ltr'><strong><em>ιογμάτων</em></strong></span> <span class='ocrx_word' id='word_1_207' title='bbox 307 1448 356 1491; x_wconf 72' lang='grc' dir='ltr'><strong><em>ἐν</em></strong></span> <span class='ocrx_word' id='word_1_208' title='bbox 380 1451 551 1498; x_wconf 81' lang='grc' dir='ltr'><strong><em>πολλοῖς</em></strong></span> <span class='ocrx_word' id='word_1_209' title='bbox 587 1449 951 1506; x_wconf 82' lang='grc' dir='ltr'><strong><em>παρασχομένων,</em></strong></span> <span class='ocrx_word' id='word_1_210' title='bbox 990 1449 1065 1490; x_wconf 78' lang='grc' dir='ltr'><em>καί</em></span> <span class='ocrx_word' id='word_1_211' title='bbox 1103 1443 1172 1489; x_wconf 75' lang='grc' dir='ltr'><strong><em>ὅτι</em></strong></span> <span class='ocrx_word' id='word_1_212' title='bbox 1205 1445 1282 1504; x_wconf 80' lang='grc' dir='ltr'><strong><em>τῆν</em></strong></span> <span class='ocrx_word' id='word_1_213' title='bbox 1319 1447 1461 1507; x_wconf 79' lang='grc' dir='ltr'><strong><em>κοινὴν</em></strong></span> <span class='ocrx_word' id='word_1_214' title='bbox 1486 1452 1571 1493; x_wconf 84' lang='grc' dir='ltr'><strong><em>τῶν</em></strong></span> 
     </span>
    </p>

    <p class='ocr_par' dir='ltr' id='par_1_14' title="bbox 40 1508 1605 1770">
     <span class='ocr_line' id='line_1_22' title="bbox 40 1508 1573 1570; baseline 0.002 -15"><span class='ocrx_word' id='word_1_215' title='bbox 40 1510 47 1517; x_wconf 74' lang='grc'>’</span> <span class='ocrx_word' id='word_1_216' title='bbox 107 1509 328 1567; x_wconf 75' lang='grc' dir='ltr'><strong><em>Ῥωμαίων</em></strong></span> <span class='ocrx_word' id='word_1_217' title='bbox 352 1509 631 1569; x_wconf 78' lang='grc' dir='ltr'><strong><em>εὔδαιμονίαν</em></strong></span> <span class='ocrx_word' id='word_1_218' title='bbox 659 1514 710 1557; x_wconf 82' lang='grc' dir='ltr'><strong><em>οὗ</em></strong></span> <span class='ocrx_word' id='word_1_219' title='bbox 737 1515 822 1558; x_wconf 87' lang='grc' dir='ltr'><strong><em>τῶν</em></strong></span> <span class='ocrx_word' id='word_1_220' title='bbox 850 1508 984 1563; x_wconf 66' lang='grc' dir='ltr'><strong><em>ὄντων</em></strong></span> <span class='ocrx_word' id='word_1_221' title='bbox 1010 1511 1170 1568; x_wconf 89' lang='grc' dir='ltr'><strong><em>μόνον,</em></strong></span> <span class='ocrx_word' id='word_1_222' title='bbox 1200 1508 1308 1556; x_wconf 83' lang='grc' dir='ltr'><strong><em>ἆλλὰ</em></strong></span> <span class='ocrx_word' id='word_1_223' title='bbox 1337 1516 1411 1557; x_wconf 84' lang='grc' dir='ltr'><strong><em>καί</em></strong></span> <span class='ocrx_word' id='word_1_224' title='bbox 1437 1510 1573 1570; x_wconf 81' lang='grc' dir='ltr'><strong><em>αὖτῆς</em></strong></span> 
     </span>
     <span class='ocr_line' id='line_1_23' title="bbox 113 1575 1605 1638; baseline 0.001 -16"><span class='ocrx_word' id='word_1_225' title='bbox 113 1578 484 1637; x_wconf 74' lang='grc' dir='ltr'><strong><em>ζωῆς-προθύμως</em></strong></span> <span class='ocrx_word' id='word_1_226' title='bbox 510 1578 774 1638; x_wconf 72' lang='grc' dir='ltr'><strong><em>ἀλλαξαίμην</em></strong></span> <span class='ocrx_word' id='word_1_227' title='bbox 801 1575 867 1624; x_wconf 75' lang='grc' dir='ltr'><strong><em>ἄν.</em></strong></span> <span class='ocrx_word' id='word_1_228' title='bbox 895 1581 992 1624; x_wconf 82' lang='grc' dir='ltr'><strong><em>νυνί</em></strong></span> <span class='ocrx_word' id='word_1_229' title='bbox 1018 1581 1067 1623; x_wconf 79' lang='grc' dir='ltr'><strong><em>δέ</em></strong></span> <span class='ocrx_word' id='word_1_230' title='bbox 1093 1594 1141 1623; x_wconf 91' lang='grc' dir='ltr'><strong><em>σε</em></strong></span> <span class='ocrx_word' id='word_1_231' title='bbox 1170 1577 1283 1636; x_wconf 78' lang='grc' dir='ltr'><strong><em>δρῶν</em></strong></span> <span class='ocrx_word' id='word_1_232' title='bbox 1307 1581 1352 1631; x_wconf 76' lang='grc' dir='ltr'><strong><em>ἐξ</em></strong></span> <span class='ocrx_word' id='word_1_233' title='bbox 1370 1581 1605 1636; x_wconf 76' lang='grc' dir='ltr'><strong><em>οὕδεμιᾶςΒ</em></strong></span> 
     </span>
     <span class='ocr_line' id='line_1_24' title="bbox 115 1643 1575 1704; baseline 0.001 -16"><span class='ocrx_word' id='word_1_234' title='bbox 115 1643 254 1696; x_wconf 79' lang='grc' dir='ltr'><strong><em>αι’τιόις</em></strong></span> <span class='ocrx_word' id='word_1_235' title='bbox 277 1643 434 1689; x_wconf 73' lang='grc' dir='ltr'><strong><em>λύοντα</em></strong></span> <span class='ocrx_word' id='word_1_236' title='bbox 459 1647 540 1700; x_wconf 80' lang='grc' dir='ltr'><strong><em>μὲν</em></strong></span> <span class='ocrx_word' id='word_1_237' title='bbox 566 1645 644 1699; x_wconf 79' lang='grc' dir='ltr'><strong><em>τὰς</em></strong></span> <span class='ocrx_word' id='word_1_238' title='bbox 669 1645 866 1700; x_wconf 80' lang='grc' dir='ltr'><strong><em>σπονδὰς,</em></strong></span> <span class='ocrx_word' id='word_1_239' title='bbox 895 1645 1141 1703; x_wconf 78' lang='grc' dir='ltr'><strong><em>ῶρμημένον</em></strong></span> <span class='ocrx_word' id='word_1_240' title='bbox 1163 1646 1210 1688; x_wconf 87' lang='grc' dir='ltr'><strong><em>δὲ</em></strong></span> <span class='ocrx_word' id='word_1_241' title='bbox 1234 1649 1442 1700; x_wconf 84' lang='grc' dir='ltr'><strong><em>πολεμεῖν,</em></strong></span> <span class='ocrx_word' id='word_1_242' title='bbox 1468 1646 1575 1704; x_wconf 79' lang='grc' dir='ltr'><strong><em>σφό-</em></strong></span> 
     </span>
     <span class='ocr_line' id='line_1_25' title="bbox 117 1710 1578 1770; baseline 0.001 -17"><span class='ocrx_word' id='word_1_243' title='bbox 117 1711 200 1768; x_wconf 87' lang='grc' dir='ltr'><strong><em>δρα</em></strong></span> <span class='ocrx_word' id='word_1_244' title='bbox 221 1710 303 1766; x_wconf 79' lang='grc' dir='ltr'><strong><em>μὲν</em></strong></span> <span class='ocrx_word' id='word_1_245' title='bbox 329 1710 446 1767; x_wconf 79' lang='grc' dir='ltr'><strong><em>α’λγῶ</em></strong></span> <span class='ocrx_word' id='word_1_246' title='bbox 470 1711 544 1755; x_wconf 77' lang='grc' dir='ltr'><strong><em>καὶ</em></strong></span> <span class='ocrx_word' id='word_1_247' title='bbox 568 1710 863 1770; x_wconf 80' lang='grc' dir='ltr'><strong><em>παραπλήσιον</em></strong></span> <span class='ocrx_word' id='word_1_248' title='bbox 888 1711 1104 1766; x_wconf 76' lang='grc' dir='ltr'><strong><em>θανάτου,</em></strong></span> <span class='ocrx_word' id='word_1_249' title='bbox 1143 1710 1223 1761; x_wconf 82' lang='grc' dir='ltr'><strong><em>τὰς</em></strong></span> <span class='ocrx_word' id='word_1_250' title='bbox 1250 1712 1497 1770; x_wconf 83' lang='grc' dir='ltr'><strong><em>συμφορὰς,</em></strong></span> <span class='ocrx_word' id='word_1_251' title='bbox 1526 1711 1578 1755; x_wconf 82' lang='grc' dir='ltr'><strong><em>αἲ</em></strong></span> 
     </span>
    </p>
   </div>
   <div class='ocr_carea' id='block_1_3' title="bbox 115 1834 1576 2777">
    <p class='ocr_par' dir='ltr' id='par_1_15' title="bbox 115 1834 1576 2777">
     <span class='ocr_line' id='line_1_26' title="bbox 143 1834 1574 1884; baseline 0.001 -13"><span class='ocrx_word' id='word_1_252' title='bbox 143 1836 282 1871; x_wconf 76' lang='lat' dir='ltr'>rosceto</span> <span class='ocrx_word' id='word_1_253' title='bbox 304 1846 381 1871; x_wconf 85' lang='lat' dir='ltr'><strong><em>non</em></strong></span> <span class='ocrx_word' id='word_1_254' title='bbox 412 1834 536 1874; x_wconf 77' lang='lat' dir='ltr'><strong>aliud.</strong></span> <span class='ocrx_word' id='word_1_255' title='bbox 559 1847 668 1884; x_wconf 86' lang='lat' dir='ltr'><strong>quam</strong></span> <span class='ocrx_word' id='word_1_256' title='bbox 692 1836 865 1873; x_wconf 88' lang='lat' dir='ltr'><strong>ultimum</strong></span> <span class='ocrx_word' id='word_1_257' title='bbox 889 1836 988 1872; x_wconf 84' lang='lat' dir='ltr'><strong>illius</strong></span> <span class='ocrx_word' id='word_1_258' title='bbox 1013 1837 1170 1872; x_wconf 82' lang='lat' dir='ltr'><strong>exitium</strong></span> <span class='ocrx_word' id='word_1_259' title='bbox 1202 1848 1269 1883; x_wconf 84' lang='lat' dir='ltr'><strong><em>par</em></strong></span> <span class='ocrx_word' id='word_1_260' title='bbox 1303 1841 1359 1872; x_wconf 87' lang='lat' dir='ltr'><strong><em>est</em></strong></span> <span class='ocrx_word' id='word_1_261' title='bbox 1393 1837 1574 1877; x_wconf 81' lang='lat' dir='ltr'><strong>arbitrari.</strong></span> 
     </span>
     <span class='ocr_line' id='line_1_27' title="bbox 115 1847 1572 1930; baseline 0 -12"><span class='ocrx_word' id='word_1_262' title='bbox 115 1847 242 1930; x_wconf 50' lang='lat' dir='ltr'><strong><em>¹{Qum-e</em></strong></span> <span class='ocrx_word' id='word_1_263' title='bbox 268 1888 305 1918; x_wconf 81' lang='lat' dir='ltr'><strong><em>te</em></strong></span> <span class='ocrx_word' id='word_1_264' title='bbox 327 1894 547 1930; x_wconf 82' lang='lat' dir='ltr'>magnopere</span> <span class='ocrx_word' id='word_1_265' title='bbox 571 1895 720 1930; x_wconf 80' lang='lat' dir='ltr'>quaeso,</span> <span class='ocrx_word' id='word_1_266' title='bbox 744 1885 952 1930; x_wconf 84' lang='lat' dir='ltr'><strong>imperator,</strong></span> <span class='ocrx_word' id='word_1_267' title='bbox 979 1885 1010 1918; x_wconf 92' lang='lat' dir='ltr'><strong>si</strong></span> <span class='ocrx_word' id='word_1_268' title='bbox 1035 1891 1153 1930; x_wconf 80' lang='lat' dir='ltr'><strong>potes,</strong></span> <span class='ocrx_word' id='word_1_269' title='bbox 1178 1884 1390 1919; x_wconf 82' lang='lat' dir='ltr'><strong>inimicitias</strong></span> <span class='ocrx_word' id='word_1_270' title='bbox 1414 1884 1572 1930; x_wconf 86' lang='lat' dir='ltr'><strong>depone,</strong></span> 
     </span>
     <span class='ocr_line' id='line_1_28' title="bbox 118 1929 1573 1978; baseline 0.001 -14"><span class='ocrx_word' id='word_1_271' title='bbox 118 1936 158 1965; x_wconf 83' lang='lat' dir='ltr'><strong><em>et</em></strong></span> <span class='ocrx_word' id='word_1_272' title='bbox 179 1941 307 1977; x_wconf 81' lang='lat' dir='ltr'><strong>pacem</strong></span> <span class='ocrx_word' id='word_1_273' title='bbox 331 1929 432 1964; x_wconf 88' lang='lat' dir='ltr'><strong>bello</strong></span> <span class='ocrx_word' id='word_1_274' title='bbox 458 1936 651 1977; x_wconf 84' lang='lat' dir='ltr'><strong>antepone.</strong></span> <span class='ocrx_word' id='word_1_275' title='bbox 701 1931 766 1965; x_wconf 89' lang='lat' dir='ltr'><strong><em>Sin</em></strong></span> <span class='ocrx_word' id='word_1_276' title='bbox 791 1932 1093 1966; x_wconf 85' lang='lat' dir='ltr'><strong>calumniatorum</strong></span> <span class='ocrx_word' id='word_1_277' title='bbox 1115 1932 1267 1966; x_wconf 86' lang='lat' dir='ltr'><strong>voculae</strong></span> <span class='ocrx_word' id='word_1_278' title='bbox 1297 1930 1395 1978; x_wconf 85' lang='lat' dir='ltr'><strong>apud</strong></span> <span class='ocrx_word' id='word_1_279' title='bbox 1420 1937 1458 1966; x_wconf 85' lang='lat' dir='ltr'><strong><em>te</em></strong></span> <span class='ocrx_word' id='word_1_280' title='bbox 1484 1937 1573 1966; x_wconf 83' lang='lat' dir='ltr'><strong>tau—-</strong></span> 
     </span>
     <span class='ocr_line' id='line_1_29' title="bbox 116 1977 1571 2025; baseline -0.001 -12"><span class='ocrx_word' id='word_1_281' title='bbox 116 1983 198 2013; x_wconf 77' lang='lat' dir='ltr'><strong><em>tum</em></strong></span> <span class='ocrx_word' id='word_1_282' title='bbox 219 1977 435 2018; x_wconf 81' lang='lat' dir='ltr'><strong>valuerunt,</strong></span> <span class='ocrx_word' id='word_1_283' title='bbox 461 1982 504 2012; x_wconf 88' lang='lat' dir='ltr'><strong><em>ut</em></strong></span> <span class='ocrx_word' id='word_1_284' title='bbox 524 1990 634 2025; x_wconf 83' lang='lat' dir='ltr'><strong>quam</strong></span> <span class='ocrx_word' id='word_1_285' title='bbox 658 1978 803 2024; x_wconf 83' lang='lat' dir='ltr'><strong>saepius</strong></span> <span class='ocrx_word' id='word_1_286' title='bbox 827 1979 941 2025; x_wconf 89' lang='lat' dir='ltr'><strong>petivi</strong></span> <span class='ocrx_word' id='word_1_287' title='bbox 967 1990 1112 2024; x_wconf 83' lang='lat' dir='ltr'><strong>pacem,</strong></span> <span class='ocrx_word' id='word_1_288' title='bbox 1138 1978 1302 2014; x_wconf 86' lang='lat' dir='ltr'><strong>nondum</strong></span> <span class='ocrx_word' id='word_1_289' title='bbox 1326 1979 1571 2020; x_wconf 78' lang='lat' dir='ltr'><strong>obtinuerim,</strong></span> 
     </span>
     <span class='ocr_line' id='line_1_30' title="bbox 117 2023 1568 2071; baseline -0.001 -12"><span class='ocrx_word' id='word_1_290' title='bbox 117 2025 247 2060; x_wconf 74' lang='lat' dir='ltr'><strong>saltem</strong></span> <span class='ocrx_word' id='word_1_291' title='bbox 270 2023 341 2058; x_wconf 88' lang='lat' dir='ltr'><strong><em>hoc</em></strong></span> <span class='ocrx_word' id='word_1_292' title='bbox 365 2023 456 2059; x_wconf 82' lang='lat' dir='ltr'><strong>mihi</strong></span> <span class='ocrx_word' id='word_1_293' title='bbox 481 2025 635 2071; x_wconf 83' lang='lat' dir='ltr'><strong>largire,</strong></span> <span class='ocrx_word' id='word_1_294' title='bbox 665 2035 818 2070; x_wconf 84' lang='lat' dir='ltr'><strong>precor,</strong></span> <span class='ocrx_word' id='word_1_295' title='bbox 854 2031 898 2060; x_wconf 91' lang='lat' dir='ltr'><strong><em>ut</em></strong></span> <span class='ocrx_word' id='word_1_296' title='bbox 920 2025 1064 2060; x_wconf 88' lang='lat' dir='ltr'><strong>duobus</strong></span> <span class='ocrx_word' id='word_1_297' title='bbox 1109 2030 1174 2059; x_wconf 80' lang='lat' dir='ltr'><strong><em>aut</em></strong></span> <span class='ocrx_word' id='word_1_298' title='bbox 1206 2026 1324 2059; x_wconf 86' lang='lat' dir='ltr'><strong>tribus</strong></span> <span class='ocrx_word' id='word_1_299' title='bbox 1351 2027 1568 2066; x_wconf 76' lang='lat' dir='ltr'><strong>comitatus,</strong></span> 
     </span>
     <span class='ocr_line' id='line_1_31' title="bbox 118 2070 1568 2118; baseline -0.001 -12"><span class='ocrx_word' id='word_1_300' title='bbox 118 2070 219 2118; x_wconf 76' lang='lat' dir='ltr'><strong>apud</strong></span> <span class='ocrx_word' id='word_1_301' title='bbox 240 2076 279 2106; x_wconf 83' lang='lat' dir='ltr'><strong><em>te</em></strong></span> <span class='ocrx_word' id='word_1_302' title='bbox 304 2082 446 2105; x_wconf 74' lang='lat' dir='ltr'><strong>causam</strong></span> <span class='ocrx_word' id='word_1_303' title='bbox 470 2071 597 2106; x_wconf 87' lang='lat' dir='ltr'><strong>dicam.</strong></span> <span class='ocrx_word' id='word_1_304' title='bbox 646 2071 686 2106; x_wconf 86' lang='lat' dir='ltr'><strong><em>Si</em></strong></span> <span class='ocrx_word' id='word_1_305' title='bbox 710 2072 862 2107; x_wconf 79' lang='lat' dir='ltr'><strong>crimina</strong></span> <span class='ocrx_word' id='word_1_306' title='bbox 885 2072 1054 2107; x_wconf 75' lang='lat' dir='ltr'><strong>refellere</strong></span> <span class='ocrx_word' id='word_1_307' title='bbox 1069 2097 1079 2114; x_wconf 94' lang='lat'><strong>,</strong></span> <span class='ocrx_word' id='word_1_308' title='bbox 1102 2072 1198 2107; x_wconf 88' lang='lat' dir='ltr'><strong>bene</strong></span> <span class='ocrx_word' id='word_1_309' title='bbox 1223 2071 1399 2107; x_wconf 84' lang='lat' dir='ltr'><strong>habebit:</strong></span> <span class='ocrx_word' id='word_1_310' title='bbox 1424 2074 1456 2107; x_wconf 83' lang='lat' dir='ltr'><strong>si</strong></span> <span class='ocrx_word' id='word_1_311' title='bbox 1479 2083 1568 2118; x_wconf 83' lang='lat' dir='ltr'><strong>per-</strong></span> 
     </span>
     <span class='ocr_line' id='line_1_32' title="bbox 118 2118 1568 2165; baseline 0 -13"><span class='ocrx_word' id='word_1_312' title='bbox 118 2119 208 2153; x_wconf 80' lang='lat' dir='ltr'><strong>iurii</strong></span> <span class='ocrx_word' id='word_1_313' title='bbox 231 2118 510 2165; x_wconf 81' lang='lat' dir='ltr'><strong>iniustitiaeque</strong></span> <span class='ocrx_word' id='word_1_314' title='bbox 537 2118 724 2153; x_wconf 80' lang='lat' dir='ltr'><strong>damnatus</strong></span> <span class='ocrx_word' id='word_1_315' title='bbox 751 2119 879 2161; x_wconf 83' lang='lat' dir='ltr'><strong>fuero,</strong></span> <span class='ocrx_word' id='word_1_316' title='bbox 911 2124 953 2154; x_wconf 91' lang='lat' dir='ltr'><strong><em>tu</em></strong></span> <span class='ocrx_word' id='word_1_317' title='bbox 978 2119 1152 2154; x_wconf 77' lang='lat' dir='ltr'><strong>diuturna</strong></span> <span class='ocrx_word' id='word_1_318' title='bbox 1174 2119 1345 2154; x_wconf 84' lang='lat' dir='ltr'><strong>molestia</strong></span> <span class='ocrx_word' id='word_1_319' title='bbox 1379 2119 1568 2153; x_wconf 78' lang='lat' dir='ltr'><strong>liberabe-</strong></span> 
     </span>
     <span class='ocr_line' id='line_1_33' title="bbox 119 2165 1569 2212; baseline -0.001 -12"><span class='ocrx_word' id='word_1_320' title='bbox 119 2166 192 2207; x_wconf 67' lang='grc' dir='ltr'><strong><em>εἰσ,</em></strong></span> <span class='ocrx_word' id='word_1_321' title='bbox 215 2176 317 2200; x_wconf 83' lang='lat' dir='ltr'><strong>reum</strong></span> <span class='ocrx_word' id='word_1_322' title='bbox 339 2165 509 2200; x_wconf 80' lang='lat' dir='ltr'><strong>manibus</strong></span> <span class='ocrx_word' id='word_1_323' title='bbox 532 2170 682 2201; x_wconf 84' lang='lat' dir='ltr'><strong>tenens:</strong></span> <span class='ocrx_word' id='word_1_324' title='bbox 708 2166 767 2200; x_wconf 86' lang='lat' dir='ltr'><strong><em>cui</em></strong></span> <span class='ocrx_word' id='word_1_325' title='bbox 792 2170 833 2200; x_wconf 94' lang='lat' dir='ltr'><strong><em>ut</em></strong></span> <span class='ocrx_word' id='word_1_326' title='bbox 856 2177 903 2200; x_wconf 90' lang='lat' dir='ltr'><strong><em>ne</em></strong></span> <span class='ocrx_word' id='word_1_327' title='bbox 927 2177 1075 2211; x_wconf 80' lang='lat' dir='ltr'><strong>parcas,</strong></span> <span class='ocrx_word' id='word_1_328' title='bbox 1103 2165 1168 2201; x_wconf 88' lang='lat' dir='ltr'><strong><em>sed</em></strong></span> <span class='ocrx_word' id='word_1_329' title='bbox 1194 2178 1260 2212; x_wconf 86' lang='lat' dir='ltr'><strong><em>pro</em></strong></span> <span class='ocrx_word' id='word_1_330' title='bbox 1287 2177 1331 2200; x_wconf 88' lang='lat' dir='ltr'><strong>eo</strong></span> <span class='ocrx_word' id='word_1_331' title='bbox 1356 2176 1399 2200; x_wconf 75' lang='lat' dir='ltr'><strong><em>ac</em></strong></span> <span class='ocrx_word' id='word_1_332' title='bbox 1430 2167 1569 2200; x_wconf 78' lang='lat' dir='ltr'><strong>scelera</strong></span> 
     </span>
     <span class='ocr_line' id='line_1_34' title="bbox 118 2212 1571 2259; baseline 0 -13"><span class='ocrx_word' id='word_1_333' title='bbox 118 2212 200 2246; x_wconf 80' lang='lat' dir='ltr'><strong>eius</strong></span> <span class='ocrx_word' id='word_1_334' title='bbox 222 2217 408 2248; x_wconf 84' lang='lat' dir='ltr'><strong>merentur</strong></span> <span class='ocrx_word' id='word_1_335' title='bbox 431 2213 538 2247; x_wconf 86' lang='lat' dir='ltr'><strong>illum</strong></span> <span class='ocrx_word' id='word_1_336' title='bbox 569 2214 697 2259; x_wconf 77' lang='lat' dir='ltr'><strong>punias</strong></span> <span class='ocrx_word' id='word_1_337' title='bbox 713 2237 723 2254; x_wconf 91' lang='lat'><strong>,</strong></span> <span class='ocrx_word' id='word_1_338' title='bbox 746 2224 812 2258; x_wconf 86' lang='lat' dir='ltr'><strong>per</strong></span> <span class='ocrx_word' id='word_1_339' title='bbox 833 2214 950 2247; x_wconf 87' lang='lat' dir='ltr'><strong>Deum</strong></span> <span class='ocrx_word' id='word_1_340' title='bbox 974 2219 1011 2247; x_wconf 89' lang='lat' dir='ltr'><strong><em>te</em></strong></span> <span class='ocrx_word' id='word_1_341' title='bbox 1037 2225 1112 2247; x_wconf 87' lang='lat' dir='ltr'><strong>oro.</strong></span> <span class='ocrx_word' id='word_1_342' title='bbox 1160 2213 1226 2248; x_wconf 85' lang='lat' dir='ltr'><strong><em>Sin</em></strong></span> <span class='ocrx_word' id='word_1_343' title='bbox 1249 2218 1372 2247; x_wconf 82' lang='lat' dir='ltr'><strong>autem</strong></span> <span class='ocrx_word' id='word_1_344' title='bbox 1394 2225 1469 2248; x_wconf 84' lang='lat' dir='ltr'><strong><em>non</em></strong></span> <span class='ocrx_word' id='word_1_345' title='bbox 1487 2213 1571 2258; x_wconf 85' lang='lat' dir='ltr'><strong>pla-</strong></span> 
     </span>
     <span class='ocr_line' id='line_1_35' title="bbox 119 2259 1568 2307; baseline 0 -13"><span class='ocrx_word' id='word_1_346' title='bbox 119 2263 199 2301; x_wconf 85' lang='lat' dir='ltr'><strong>cet,</strong></span> <span class='ocrx_word' id='word_1_347' title='bbox 232 2263 275 2293; x_wconf 92' lang='lat' dir='ltr'><strong><em>ut</em></strong></span> <span class='ocrx_word' id='word_1_348' title='bbox 296 2259 375 2305; x_wconf 88' lang='lat' dir='ltr'><strong>ipse</strong></span> <span class='ocrx_word' id='word_1_349' title='bbox 399 2271 568 2307; x_wconf 76' lang='lat' dir='ltr'><strong>praesens</strong></span> <span class='ocrx_word' id='word_1_350' title='bbox 592 2260 655 2294; x_wconf 86' lang='lat' dir='ltr'><strong>abs</strong></span> <span class='ocrx_word' id='word_1_351' title='bbox 679 2265 716 2294; x_wconf 89' lang='lat' dir='ltr'><strong><em>te</em></strong></span> <span class='ocrx_word' id='word_1_352' title='bbox 740 2259 1114 2305; x_wconf 81' lang='lat' dir='ltr'><strong>praesenteiudicer,</strong></span> <span class='ocrx_word' id='word_1_353' title='bbox 1147 2265 1185 2294; x_wconf 83' lang='lat' dir='ltr'><strong>at</strong></span> <span class='ocrx_word' id='word_1_354' title='bbox 1211 2271 1338 2306; x_wconf 81' lang='lat' dir='ltr'><strong>magno</strong></span> <span class='ocrx_word' id='word_1_355' title='bbox 1364 2259 1568 2294; x_wconf 81' lang='lat' dir='ltr'><strong>domestico</strong></span> 
     </span>
     <span class='ocr_line' id='line_1_36' title="bbox 119 2305 1570 2354; baseline -0.001 -13"><span class='ocrx_word' id='word_1_356' title='bbox 119 2307 170 2341; x_wconf 77' lang='lat' dir='ltr'><strong><em>sit</em></strong></span> <span class='ocrx_word' id='word_1_357' title='bbox 191 2305 245 2339; x_wconf 75' lang='lat' dir='ltr'><strong><em>fas</em></strong></span> <span class='ocrx_word' id='word_1_358' title='bbox 271 2317 310 2340; x_wconf 88' lang='lat' dir='ltr'><strong><em>se</em></strong></span> <span class='ocrx_word' id='word_1_359' title='bbox 335 2306 416 2341; x_wconf 87' lang='lat' dir='ltr'><strong>loco</strong></span> <span class='ocrx_word' id='word_1_360' title='bbox 442 2318 524 2342; x_wconf 86' lang='lat' dir='ltr'><strong><em>meo</em></strong></span> <span class='ocrx_word' id='word_1_361' title='bbox 549 2307 687 2341; x_wconf 78' lang='lat' dir='ltr'><strong>sistere.</strong></span> <span class='ocrx_word' id='word_1_362' title='bbox 736 2307 810 2354; x_wconf 87' lang='lat' dir='ltr'><strong>Qui</strong></span> <span class='ocrx_word' id='word_1_363' title='bbox 827 2307 858 2341; x_wconf 84' lang='lat' dir='ltr'><strong>si</strong></span> <span class='ocrx_word' id='word_1_364' title='bbox 881 2312 920 2341; x_wconf 91' lang='lat' dir='ltr'><strong><em>et</em></strong></span> <span class='ocrx_word' id='word_1_365' title='bbox 942 2308 1021 2353; x_wconf 87' lang='lat' dir='ltr'><strong>ipse</strong></span> <span class='ocrx_word' id='word_1_366' title='bbox 1039 2306 1284 2348; x_wconf 78' lang='lat' dir='ltr'><strong>damnabitur,</strong></span> <span class='ocrx_word' id='word_1_367' title='bbox 1298 2307 1570 2352; x_wconf 56' lang='lat' dir='ltr'><strong><em>¹atrocissimam</em></strong></span> 
     </span>
     <span class='ocr_line' id='line_1_37' title="bbox 118 2353 1568 2409; baseline 0 -22"><span class='ocrx_word' id='word_1_368' title='bbox 118 2363 276 2409; x_wconf 65' lang='lat' dir='ltr'><strong>poenam</strong></span> <span class='ocrx_word' id='word_1_369' title='bbox 301 2353 479 2389; x_wconf 85' lang='lat' dir='ltr'><strong>exsolvat:</strong></span> <span class='ocrx_word' id='word_1_370' title='bbox 505 2365 578 2402; x_wconf 78' lang='lat' dir='ltr'><strong>qua</strong></span> <span class='ocrx_word' id='word_1_371' title='bbox 604 2355 711 2399; x_wconf 84' lang='lat' dir='ltr'><strong>plane</strong></span> <span class='ocrx_word' id='word_1_372' title='bbox 733 2365 808 2388; x_wconf 90' lang='lat' dir='ltr'><strong><em>non</em></strong></span> <span class='ocrx_word' id='word_1_373' title='bbox 832 2354 952 2388; x_wconf 84' lang='lat' dir='ltr'><strong>minus</strong></span> <span class='ocrx_word' id='word_1_374' title='bbox 975 2354 1122 2396; x_wconf 85' lang='lat' dir='ltr'><strong>dolebo,</strong></span> <span class='ocrx_word' id='word_1_375' title='bbox 1135 2365 1242 2402; x_wconf 86' lang='lat' dir='ltr'><strong>quam</strong></span> <span class='ocrx_word' id='word_1_376' title='bbox 1267 2353 1298 2387; x_wconf 89' lang='lat' dir='ltr'><strong>si</strong></span> <span class='ocrx_word' id='word_1_377' title='bbox 1320 2356 1471 2400; x_wconf 84' lang='lat' dir='ltr'><strong>corpore</strong></span> <span class='ocrx_word' id='word_1_378' title='bbox 1486 2364 1568 2387; x_wconf 85' lang='lat' dir='ltr'><strong><em>meo</em></strong></span> 
     </span>
     <span class='ocr_line' id='line_1_38' title="bbox 122 2400 1570 2447; baseline -0.001 -13"><span class='ocrx_word' id='word_1_379' title='bbox 122 2400 226 2434; x_wconf 73' lang='lat' dir='ltr'><strong>ulam</strong></span> <span class='ocrx_word' id='word_1_380' title='bbox 251 2401 484 2446; x_wconf 78' lang='lat' dir='ltr'><strong>excepissem.</strong></span> <span class='ocrx_word' id='word_1_381' title='bbox 532 2401 630 2436; x_wconf 80' lang='lat' dir='ltr'><strong>Haec</strong></span> <span class='ocrx_word' id='word_1_382' title='bbox 653 2403 848 2446; x_wconf 82' lang='lat' dir='ltr'><strong>imperator</strong></span> <span class='ocrx_word' id='word_1_383' title='bbox 873 2401 994 2435; x_wconf 84' lang='lat' dir='ltr'><strong>iunior</strong></span> <span class='ocrx_word' id='word_1_384' title='bbox 1016 2401 1062 2435; x_wconf 90' lang='lat' dir='ltr'><strong><em>ad</em></strong></span> <span class='ocrx_word' id='word_1_385' title='bbox 1089 2413 1194 2435; x_wconf 87' lang='lat' dir='ltr'><strong>avum</strong></span> <span class='ocrx_word' id='word_1_386' title='bbox 1230 2401 1397 2447; x_wconf 76' lang='lat' dir='ltr'><strong>scripsit:</strong></span> <span class='ocrx_word' id='word_1_387' title='bbox 1434 2401 1570 2447; x_wconf 81' lang='lat' dir='ltr'><strong>quibus</strong></span> 
     </span>
     <span class='ocr_line' id='line_1_39' title="bbox 122 2447 1570 2494; baseline -0.001 -13"><span class='ocrx_word' id='word_1_388' title='bbox 122 2457 291 2494; x_wconf 75' lang='lat' dir='ltr'><strong>germana</strong></span> <span class='ocrx_word' id='word_1_389' title='bbox 314 2448 424 2482; x_wconf 75' lang='lat' dir='ltr'><strong>etiam</strong></span> <span class='ocrx_word' id='word_1_390' title='bbox 448 2459 597 2494; x_wconf 81' lang='lat' dir='ltr'><strong>magnus</strong></span> <span class='ocrx_word' id='word_1_391' title='bbox 623 2448 842 2482; x_wconf 88' lang='lat' dir='ltr'><strong>domesticus</strong></span> <span class='ocrx_word' id='word_1_392' title='bbox 868 2447 925 2482; x_wconf 87' lang='lat' dir='ltr'><strong>his</strong></span> <span class='ocrx_word' id='word_1_393' title='bbox 952 2448 1097 2486; x_wconf 84' lang='lat' dir='ltr'><strong>verbis:</strong></span> <span class='ocrx_word' id='word_1_394' title='bbox 1140 2449 1342 2494; x_wconf 84' lang='lat' dir='ltr'><strong>Utrumque</strong></span> <span class='ocrx_word' id='word_1_395' title='bbox 1369 2447 1463 2489; x_wconf 88' lang='lat' dir='ltr'><strong>tibi,</strong></span> <span class='ocrx_word' id='word_1_396' title='bbox 1497 2448 1570 2485; x_wconf 82' lang='lat' dir='ltr'><strong>im·-</strong></span> 
     </span>
     <span class='ocr_line' id='line_1_40' title="bbox 121 2494 1571 2540; baseline 0 -13"><span class='ocrx_word' id='word_1_397' title='bbox 121 2499 270 2540; x_wconf 80' lang='lat' dir='ltr'><strong>perator</strong></span> <span class='ocrx_word' id='word_1_398' title='bbox 292 2495 442 2540; x_wconf 82' lang='lat' dir='ltr'><strong>optime,</strong></span> <span class='ocrx_word' id='word_1_399' title='bbox 466 2495 779 2540; x_wconf 81' lang='lat' dir='ltr'><strong>persuasissimum</strong></span> <span class='ocrx_word' id='word_1_400' title='bbox 804 2494 925 2536; x_wconf 89' lang='lat' dir='ltr'><strong>credo,</strong></span> <span class='ocrx_word' id='word_1_401' title='bbox 949 2500 987 2528; x_wconf 91' lang='lat' dir='ltr'><strong><em>et</em></strong></span> <span class='ocrx_word' id='word_1_402' title='bbox 1009 2494 1190 2529; x_wconf 84' lang='lat' dir='ltr'><strong>benevolo</strong></span> <span class='ocrx_word' id='word_1_403' title='bbox 1216 2499 1326 2540; x_wconf 77' lang='lat' dir='ltr'><strong>atque</strong></span> <span class='ocrx_word' id='word_1_404' title='bbox 1349 2495 1464 2529; x_wconf 81' lang='lat' dir='ltr'><strong>amico</strong></span> <span class='ocrx_word' id='word_1_405' title='bbox 1492 2501 1571 2528; x_wconf 68' lang='lat' dir='ltr'><strong>esse</strong></span> 
     </span>
     <span class='ocr_line' id='line_1_41' title="bbox 123 2541 1573 2589; baseline -0.001 -14"><span class='ocrx_word' id='word_1_406' title='bbox 123 2552 184 2575; x_wconf 87' lang='lat' dir='ltr'><strong><em>me</em></strong></span> <span class='ocrx_word' id='word_1_407' title='bbox 207 2551 291 2586; x_wconf 81' lang='lat' dir='ltr'><strong>erga</strong></span> <span class='ocrx_word' id='word_1_408' title='bbox 311 2546 350 2576; x_wconf 88' lang='lat' dir='ltr'><strong><em>te</em></strong></span> <span class='ocrx_word' id='word_1_409' title='bbox 377 2542 513 2583; x_wconf 71' lang='lat' dir='ltr'><strong>animo,</strong></span> <span class='ocrx_word' id='word_1_410' title='bbox 541 2541 588 2576; x_wconf 82' lang='lat' dir='ltr'><strong><em>ad</em></strong></span> <span class='ocrx_word' id='word_1_411' title='bbox 611 2541 788 2589; x_wconf 84' lang='lat' dir='ltr'><strong>obsequia</strong></span> <span class='ocrx_word' id='word_1_412' title='bbox 811 2547 874 2576; x_wconf 78' lang='lat' dir='ltr'><strong>tua</strong></span> <span class='ocrx_word' id='word_1_413' title='bbox 894 2543 1176 2587; x_wconf 83' lang='lat' dir='ltr'><strong>paratissimum,</strong></span> <span class='ocrx_word' id='word_1_414' title='bbox 1199 2541 1301 2588; x_wconf 75' lang='lat' dir='ltr'><strong>quotl&#39;</strong></span> <span class='ocrx_word' id='word_1_415' title='bbox 1315 2541 1424 2576; x_wconf 84' lang='lat' dir='ltr'><strong>rebus</strong></span> <span class='ocrx_word' id='word_1_416' title='bbox 1445 2550 1573 2586; x_wconf 84' lang='lat' dir='ltr'><strong>saepe-</strong></span> 
     </span>
     <span class='ocr_line' id='line_1_42' title="bbox 124 2587 1575 2635; baseline -0.001 -13"><span class='ocrx_word' id='word_1_417' title='bbox 124 2599 276 2622; x_wconf 80' lang='lat' dir='ltr'><strong>numero</strong></span> <span class='ocrx_word' id='word_1_418' title='bbox 302 2588 398 2623; x_wconf 77' lang='lat' dir='ltr'><strong>clare</strong></span> <span class='ocrx_word' id='word_1_419' title='bbox 423 2588 678 2630; x_wconf 80' lang='lat' dir='ltr'><strong>demonstravi,</strong></span> <span class='ocrx_word' id='word_1_420' title='bbox 703 2594 742 2622; x_wconf 88' lang='lat' dir='ltr'><strong><em>et</em></strong></span> <span class='ocrx_word' id='word_1_421' title='bbox 760 2600 825 2635; x_wconf 89' lang='lat' dir='ltr'><strong><em>pro</em></strong></span> <span class='ocrx_word' id='word_1_422' title='bbox 846 2589 1027 2623; x_wconf 88' lang='lat' dir='ltr'><strong>communi</strong></span> <span class='ocrx_word' id='word_1_423' title='bbox 1040 2589 1277 2623; x_wconf 84' lang='lat' dir='ltr'><strong>Romanorum</strong></span> <span class='ocrx_word' id='word_1_424' title='bbox 1297 2587 1474 2622; x_wconf 80' lang='lat' dir='ltr'><strong>felicitate</strong></span> <span class='ocrx_word' id='word_1_425' title='bbox 1497 2593 1575 2622; x_wconf 68' lang='lat' dir='ltr'><strong>non</strong></span> 
     </span>
     <span class='ocr_line' id='line_1_43' title="bbox 123 2633 1575 2682; baseline -0.001 -14"><span class='ocrx_word' id='word_1_426' title='bbox 123 2635 314 2669; x_wconf 76' lang='lat' dir='ltr'><strong>facultates</strong></span> <span class='ocrx_word' id='word_1_427' title='bbox 333 2635 510 2670; x_wconf 79' lang='lat' dir='ltr'><strong>duntaxat</strong></span> <span class='ocrx_word' id='word_1_428' title='bbox 542 2647 666 2678; x_wconf 84' lang='lat' dir='ltr'><strong>meas,</strong></span> <span class='ocrx_word' id='word_1_429' title='bbox 705 2647 830 2670; x_wconf 86' lang='lat' dir='ltr'><strong>verum</strong></span> <span class='ocrx_word' id='word_1_430' title='bbox 858 2641 900 2670; x_wconf 88' lang='lat' dir='ltr'><strong><em>et·</em></strong></span> <span class='ocrx_word' id='word_1_431' title='bbox 926 2636 1042 2682; x_wconf 79' lang='lat' dir='ltr'><strong>ipsam</strong></span> <span class='ocrx_word' id='word_1_432' title='bbox 1072 2636 1229 2670; x_wconf 78' lang='lat' dir='ltr'><strong>animam</strong></span> <span class='ocrx_word' id='word_1_433' title='bbox 1255 2634 1480 2681; x_wconf 79' lang='lat' dir='ltr'><strong>perlibenter</strong></span> <span class='ocrx_word' id='word_1_434' title='bbox 1502 2633 1575 2668; x_wconf 75' lang='lat' dir='ltr'><strong>im·-</strong></span> 
     </span>
     <span class='ocr_line' id='line_1_44' title="bbox 124 2680 1576 2728; baseline -0.001 -12"><span class='ocrx_word' id='word_1_435' title='bbox 124 2693 333 2728; x_wconf 81' lang='lat' dir='ltr'><strong>pensumm.</strong></span> <span class='ocrx_word' id='word_1_436' title='bbox 379 2682 486 2718; x_wconf 79' lang='lat' dir='ltr'><strong>Nunc</strong></span> <span class='ocrx_word' id='word_1_437' title='bbox 555 2685 590 2718; x_wconf 81' lang='lat' dir='ltr'><strong><em>ia</em></strong></span> <span class='ocrx_word' id='word_1_438' title='bbox 613 2693 733 2725; x_wconf 83' lang='lat' dir='ltr'><strong>cerno,</strong></span> <span class='ocrx_word' id='word_1_439' title='bbox 754 2689 791 2717; x_wconf 83' lang='lat' dir='ltr'><strong><em>te</em></strong></span> <span class='ocrx_word' id='word_1_440' title='bbox 818 2683 897 2717; x_wconf 83' lang='lat' dir='ltr'><strong>sine</strong></span> <span class='ocrx_word' id='word_1_441' title='bbox 921 2694 1026 2717; x_wconf 84' lang='lat' dir='ltr'><strong>causa</strong></span> <span class='ocrx_word' id='word_1_442' title='bbox 1046 2681 1173 2716; x_wconf 85' lang='lat' dir='ltr'><strong>foedus</strong></span> <span class='ocrx_word' id='word_1_443' title='bbox 1199 2683 1337 2716; x_wconf 85' lang='lat' dir='ltr'><strong>solvere</strong></span> <span class='ocrx_word' id='word_1_444' title='bbox 1352 2685 1390 2716; x_wconf 89' lang='lat' dir='ltr'><strong><em>et</em></strong></span> <span class='ocrx_word' id='word_1_445' title='bbox 1409 2680 1455 2715; x_wconf 81' lang='lat' dir='ltr'><strong><em>ad</em></strong></span> <span class='ocrx_word' id='word_1_446' title='bbox 1476 2687 1576 2716; x_wconf 57' lang='lat' dir='ltr'><strong>arma</strong></span> 
     </span>
     <span class='ocr_line' id='line_1_45' title="bbox 125 2726 1570 2777; baseline -0.001 -12"><span class='ocrx_word' id='word_1_447' title='bbox 125 2739 383 2777; x_wconf 80' lang='lat' dir='ltr'><strong>prorumpere,</strong></span> <span class='ocrx_word' id='word_1_448' title='bbox 406 2730 505 2766; x_wconf 83' lang='lat' dir='ltr'><strong>incre</strong></span> <span class='ocrx_word' id='word_1_449' title='bbox 532 2730 634 2766; x_wconf 78' lang='lat' dir='ltr'><strong>ibiiis</strong></span> <span class='ocrx_word' id='word_1_450' title='bbox 658 2741 716 2765; x_wconf 89' lang='lat' dir='ltr'><strong><em>me</em></strong></span> <span class='ocrx_word' id='word_1_451' title='bbox 741 2729 846 2766; x_wconf 85' lang='lat' dir='ltr'><strong>dolor</strong></span> <span class='ocrx_word' id='word_1_452' title='bbox 865 2729 1129 2777; x_wconf 81' lang='lat' dir='ltr'><strong>propemodum</strong></span> <span class='ocrx_word' id='word_1_453' title='bbox 1166 2730 1364 2771; x_wconf 78' lang='lat' dir='ltr'><strong>exanimat,</strong></span> <span class='ocrx_word' id='word_1_454' title='bbox 1400 2726 1570 2766; x_wconf 47' lang='lat' dir='ltr'><strong>conside·-</strong></span> 
     </span>
    </p>
   </div>
   <div class='ocr_carea' id='block_1_4' title="bbox 0 1654 29 3080">
    <p class='ocr_par' dir='ltr' id='par_1_16' title="bbox 0 1654 29 3080">
     <span class='ocr_line' id='line_1_46' title="bbox 0 1654 29 3080; baseline 0 0"><span class='ocrx_word' id='word_1_455' title='bbox 0 1654 29 3080; x_wconf 95' lang='lat' dir='ltr'><strong><em> </em></strong></span> 
     </span>
    </p>
   </div>
  </div>
 </body>
</html>
