1832 3138
564 103 944 149 HISTORIARUM
983 109 1018 150 1.
1058 111 1126 156 23.
1480 107 1500 144 1
1521 110 1538 145 1
1554 110 1583 166 7

127 205 208 251 καὶ
214 206 486 264 προμηθείας
509 221 557 249 τε
583 207 659 248 και
684 209 836 263 τιμῆς,
863 210 1030 252 πολλῶν
1058 209 1243 266 ἀμοιβὰς
1267 207 1442 265 α’γαθῶν
1459 204 1677 266 evxo-LC-
1697 213 1781 253 ¹321

125 286 212 327 μαι
234 274 307 330 τῷ.
325 275 500 327 βασιλεῖ
521 273 596 314 καί
625 273 712 330 ἐμῷ
740 271 896 331 ἐγγόνῳ
923 274 1038 330 παρὰ
1066 277 1196 330 θεοῦ,
1243 275 1294 319 ου
1323 275 1455 331 μόνον
1482 277 1589 319 κατὰ

122 354 211 386 m
229 338 331 396 τῇδε
347 339 469 392 βίον,
484 335 603 380 ἀλλὰ
632 337 708 380 και
731 341 821 380 κατ’
841 340 1002 386 ἐκεῖνον
1025 339 1098 383 τὸν
1119 337 1401 399 ατελεύτητον.
1458 340 1522 386 ἔτι
1541 344 1591 386 δέ

126 418 203 459 μοι
229 401 302 446 καὶ
325 401 566 457 θαυμάζειν
594 401 732 447 ἔπεισι
758 403 826 458 τό,
856 419 901 446 τε
928 407 1103 462 μέτριον
1127 406 1246 466 αὐτῷ
1265 409 1342 450 τοῦ
1362 404 1500 465 ἤθους
1517 425 1587 452 και

34 468 39 477 “
97 465 216 527 5τῆν
233 466 448 526 εὐθύτητα
474 470 553 512 τοῦ
579 469 737 527 τρόπου
777 473 852 513 καί
887 468 936 513 τὸ
964 469 1071 528 πρὸς
1096 469 1148 514 τὰ
1176 471 1283 515 καλὰ
1310 473 1497 530 βεβηκὸς,
1525 471 1591 518 ότι

94 535 221 587 ’νέος
246 551 307 589 ων
332 532 408 582 και
425 534 628 590 βασιλευς
653 553 724 578 και
749 534 866 594 παρὰ
893 534 1000 579 πολυ
1046 538 1130 580 τῶν
1158 538 1398 583 αντιπάλων
1438 546 1643 598 κεκρα-Ὑ.
1658 548 1706 583 60

125 616 286 656 τηκως,
314 601 360 654 ἐξ
386 617 450 644 ων
476 599 588 651 εἰκὸς
615 596 672 658 ην
698 600 804 660 πρὸς
832 604 1079 660 φιλοτιμίαν
1099 604 1342 660 ἐπαρθῆναι
1362 621 1431 648 και
1449 622 1589 663 φυση-

127 668 261 724 θῆναι
302 669 376 710 καί
425 685 454 724 η
494 667 790 725 α’γνωμονῆσαι
815 671 919 727 περι
959 667 1099 725 ἡμᾶς,
1137 664 1194 727 ἢ,
1231 668 1280 713 τό
1297 686 1344 726 γε
1371 673 1569 730 δεύτερον
1594 680 1623 716 C

123 730 237 790 ὅπερ
266 732 490 793 ᾗτούμεθα
517 732 645 777 αυτοὶ
679 735 909 791 ποιήσαντα
939 734 1135 793 φανεροὶ,
1172 731 1266 779 εἶτα
1293 731 1399 792 ἅπερ
1429 732 1584 793 ἤθελεν

62 797 261 857 (leonide
285 801 576 858 χαρίσασθαι,
604 801 675 844 ἵνα
701 802 967 856 θαυμάζοιτο
994 800 1111 859 παρὰ
1138 800 1319 846 πάντων·
1350 802 1374 845 ὅ
1404 805 1445 845 δ’
1473 803 1590 847 ἕποι’-

63 919 66 922 ⁴
124 882 203 950 ησε
228 869 422 911 τοιοῦτον
449 867 602 922 οὐδὲν,
642 866 752 919 α’λλοὶ
780 866 879 919 τοὺς
903 869 984 922 μὲν
1010 866 1144 923 εμούς
1169 866 1321 924 λόγους
1349 869 1590 927 διετήρησεν

124 936 174 979 ἐν
201 932 379 993 ἀδήλῳ,
397 928 570 983 οὐδενὸς
596 931 823 990 ἐγνωκότος
849 930 996 991 ἑτέρου
1024 932 1134 991 πλήν
1160 936 1238 978 τοῦ
1257 933 1441 991 μεγάλου
1466 937 1591 990 δομε-

126 1000 271 1045 οτίκου
297 997 458 1054 μόνου·
497 995 627 1051 αὖτὸς
669 1001 718 1044 δὲ
757 998 862 1050 τούς
888 998 1038 1056 λόγους
1066 1002 1249 1052 συνετῶς
1282 1018 1394 1057 αγαν
1420 1019 1492 1045 και
1520 1017 1591 1044 κο-

21 1111 23 1115 ,
126 1064 264 1120 σμίως
301 1064 602 1121 οἰκονομήσας,
649 1065 805 1122 διπλῆν
843 1066 949 1123 ἡμῖν
982 1069 1187 1110 κατέθετο
1225 1066 1303 1125 τὴν
1337 1069 1494 1124 χάριν,
1537 1067 1589 1110 ου

0 1146 25 1326 Ξ
76 1130 255 1187 ιόμόνον
281 1130 343 1187 τὸ,
362 1132 439 1188 τῆς
452 1130 674 1186 Ῥωμαιῖον
696 1131 921 1188 ἡγεμονίας
947 1131 1086 1190 πάσης
1111 1128 1193 1190 ἤδη
1217 1131 1326 1191 πρὸς
1349 1132 1480 1176 αὐτὸν
1502 1137 1591 1176 κλι-

126 1197 307 1254 νούσης,
333 1199 462 1255 μέρος
486 1198 566 1252 μέν
591 1213 632 1241 τι
671 1204 1043 1255 παρακατασχεῖν,
1067 1201 1141 1255 τῆς
1177 1202 1326 1257 λοιπῆς
1354 1201 1396 1242 ‹5’
1424 1197 1592 1255 ἁπάσης

127 1262 241 1320 ἡμῖν,
256 1265 584 1321 παραχωρῆσαι,
611 1263 722 1307 ἀλλὰ
745 1266 819 1307 καί
842 1265 899 1322 τῷ
924 1266 1026 1322 μηδ’
1053 1261 1186 1316 οὕτως
1211 1267 1272 1316 εἷς
1298 1262 1443 1309 στενόν
1470 1281 1590 1319 κομι-

129 1331 183 1390 δῇ
209 1329 265 1373 τὰ
293 1329 478 1387 ἡμέτερα
516 1330 750 1387 ἐληλακότα
787 1332 1079 1386 ἐκπομπεῦσαι
1113 1333 1308 1388 θελῆσαι.
1363 1333 1408 1383 ἐξ
1430 1349 1490 1375 ων
1512 1348 1587 1385 εμε
1596 1344 1655 1378 1)

96 1438 100 1442 .
128 1399 359 1440 πεπεῖσθαι
391 1397 541 1454 σαφῶς
572 1398 828 1452 συμβαίνει,
869 1414 928 1447 ως
953 1394 1035 1441 ov&
1045 1401 1058 1418 '
1093 1395 1211 1453 ἴχνος
1235 1397 1590 1456 καταφρονήσεως

2 1509 11 1518 ,
73 1464 202 1510 noim
224 1464 326 1506 νοῦν
345 1455 476 1519 ἦλθεν
492 1462 610 1522 αυτῷ
633 1463 907 1516 ἐνδειξασθαι
923 1465 983 1514 εις
1002 1464 1094 1518 ἐμὲ,
1123 1462 1235 1507 ἄλλα
1266 1463 1345 1520 τήν
1377 1466 1590 1521 προτέραν

11 1525 14 1531 Α
130 1530 241 1574 αἰδῶ
264 1526 340 1572 και
372 1527 598 1583 ευλάβειαν
636 1529 865 1582 ἀποσώζει.
899 1530 1031 1573 ἐκεῖνο
1072 1531 1120 1574 δὲ
1150 1530 1232 1586 οὐχ
1263 1527 1417 1587 ἥκιστα
1453 1535 1590 1585 λυπεῖ’,

133 1593 203 1649 ὅτι
227 1594 287 1651 μή
310 1592 414 1652 πρὸς
434 1592 509 1651 τήν
527 1594 776 1652 παράληψιν
808 1597 894 1639 τῶν
918 1592 1080 1653 ὅρκων,
1107 1599 1273 1640 πολλῶν
1301 1613 1348 1640 τε
1378 1599 1451 1640 καί
1485 1595 1591 1652 ἄγα-

130 1663 225 1704 θῶν
244 1661 320 1704 καί
342 1662 428 1704 τῶν
452 1664 550 1703 καθ’
577 1658 686 1715 αἷμα
716 1661 1004 1718 προσηκόντων
1031 1662 1148 1721 αὖτῷ
1169 1663 1403 1718 συνόντων,
1429 1662 1591 1706 τούτων

131 1731 211 1782 μὲν
231 1724 489 1770 ἀπέσταλκεν
515 1727 682 1781 οὐδένα,
706 1727 781 1771 τὸν
803 1730 850 1771 δὲ
879 1724 1070 1771 Ἀπόκαυ
1072 1746 1160 1784 χον,
1192 1725 1355 1786 ἄσημον
1378 1732 1458 1783 μὲν
1488 1723 1590 1772 ὄντα

78 1791 208 1841 25καὶ
231 1794 278 1844 ἐξ
304 1791 508 1850 ἀσήμων,
537 1792 612 1835 καί
632 1787 750 1836 οὔπω
766 1795 874 1849 χθὲς
903 1793 976 1837 καὶ
998 1794 1142 1852 πρώην
1161 1801 1250 1845 τοῖς
1271 1797 1353 1838 τῶν
1374 1795 1590 1851 δημοσίων

130 1894 207 1923 tam
231 1893 289 1923 est
308 1888 506 1929 sollicitus,
535 1889 649 1922 multa
676 1889 711 1922 ei
737 1888 898 1923 vicissim
918 1888 1016 1923 bona
1039 1901 1116 1924 non
1143 1891 1182 1922 in
1221 1889 1290 1923 hac
1318 1893 1482 1931 tantum,
1524 1900 1587 1924 ve-

133 1947 215 1970 rum
229 1936 341 1970 etiam
365 1935 404 1969 in
422 1934 487 1968 illa
504 1936 702 1969 immortali
727 1938 803 1969 vita
824 1947 844 1969 a
863 1936 942 1970 Deo
958 1947 1176 1982 comprecor.
1199 1936 1346 1970 Adhaec
1360 1937 1587 1972 moderatum

130 1984 211 2017 eius
238 1982 426 2029 ingenium
448 1981 657 2028 probosque
678 1994 796 2016 mores
828 1989 939 2029 atque
960 1984 1000 2017 in
1026 1985 1127 2017 omni
1160 1982 1354 2018 honestate
1377 1994 1586 2029 progressus

130 2028 310 2073 admiror3
342 2027 442 2076 quod
462 2030 604 2063 iuvenis
632 2033 670 2063 et
700 2030 899 2074 imperator
931 2031 1123 2077 multoque
1159 2029 1372 2064 adversariis
1401 2030 1585 2074 superior,

131 2076 232 2111 unde
264 2076 459 2123 probabile
490 2076 623 2118 fiebat,
653 2077 857 2122 arrogantia
893 2077 1030 2110 elatum
1067 2076 1344 2124 tumidumque,
1377 2082 1441 2110 aut
1464 2077 1586 2122 ingra-

128 2129 209 2158 tum
236 2123 278 2158 in
298 2134 366 2158 nos
394 2123 582 2164 futurum,
607 2129 672 2157 aut
707 2130 805 2157 certe
831 2135 923 2170 quae
955 2135 1022 2158 nos
1057 2115 1276 2169 petebamus
1298 2124 1493 2170 evulgatis,
1518 2123 1586 2157 de-

130 2170 220 2205 inde
243 2182 339 2217 quae
359 2171 431 2216 ipsi
453 2170 710 2204 collibuissent
731 2171 959 2216 largiturum,
986 2176 1028 2204 ut
1047 2171 1119 2205 sibi
1144 2170 1379 2216 plauderetur
1404 2170 1450 2204 ab
1465 2171 1586 2204 omni-

131 2218 222 2253 bus·
245 2216 341 2252 nihil
359 2217 491 2252 horum
510 2219 755 2263 perpetravit3
788 2218 852 2251 sed
870 2218 1089 2263 petitionem
1119 2230 1236 2252 meam
1265 2220 1330 2252 uni
1361 2229 1491 2264 magno
1516 2217 1588 2250 do—

130 2265 282 2299 mestico
317 2265 507 2310 aperiens,
540 2265 815 2311 prudenterque
848 2276 889 2299 ac
921 2264 1086 2300 modeste
1125 2264 1319 2299 admodum
1349 2264 1587 2310 respondens,

131 2311 318 2358 duplicem
338 2311 446 2346 nobis
475 2313 626 2358 gratiam
649 2313 849 2357 persolvit3
874 2324 950 2346 non
977 2313 1094 2346 solum
1115 2312 1214 2360 quod
1246 2314 1406 2346 Romano
1431 2312 1585 2358 imperio

132 2360 206 2393 iam
239 2364 319 2393 toto
352 2358 392 2392 in
416 2369 499 2393 eum
521 2359 743 2400 inclinante,
778 2364 916 2404 partem
936 2360 1096 2401 retinet,
1122 2360 1305 2408 reliquum
1345 2370 1453 2393 omne
1479 2359 1587 2393 nobis

133 2405 251 2450 cedit,
275 2416 398 2440 verum
419 2406 544 2448 etiam,
570 2406 670 2454 quod
691 2407 798 2441 rebus
819 2408 952 2440 nostris
973 2411 1047 2440 tam
1066 2406 1301 2441 vehementer
1322 2406 1587 2447 laborantibus,

132 2453 236 2487 nullo
256 2453 350 2487 fastu
374 2453 572 2489 insolescit.
612 2454 666 2487 Ex
687 2466 759 2500 quo
782 2455 928 2499 penitus
949 2453 1002 2487 ita
1021 2455 1154 2495 sentio,
1179 2465 1364 2501 nunquam
1387 2454 1423 2486 ei
1442 2454 1585 2487 venisse

134 2500 176 2534 in
205 2505 385 2541 mentem,
417 2500 477 2534 vel
498 2501 711 2555 particulam
743 2501 1008 2546 despicientiae
1031 2501 1147 2534 nostri
1178 2512 1266 2546 prae
1299 2512 1337 2535 se
1367 2500 1484 2533 ferre.
1522 2499 1587 2533 sed

135 2548 379 2581 reverentiam
409 2558 450 2581 ac
479 2548 657 2592 pietatem
683 2549 871 2593 antiquam
894 2559 975 2593 erga
996 2559 1062 2581 nos
1091 2547 1285 2581 custodire.
1333 2547 1431 2580 Illud
1464 2552 1586 2580 tamen

134 2595 294 2628 maxime
313 2594 450 2628 cruciat
473 2595 657 2638 animum,
685 2594 784 2641 quod
807 2603 888 2629 cum
903 2594 1000 2640 apud
1020 2606 1058 2628 se
1080 2595 1205 2640 plures
1226 2600 1264 2628 et
1284 2594 1419 2640 probos
1441 2598 1477 2626 et
1502 2605 1587 2627 san-

136 2641 257 2686 guinis
295 2640 566 2675 necessitudine
598 2643 813 2676 coniunctos
848 2642 1022 2683 haberet,
1069 2653 1135 2687 per
1164 2653 1255 2688 quos
1292 2642 1531 2674 iuramentum
1565 2651 1587 2674 a

135 2687 246 2722 nobis
262 2688 462 2733 reciperet,
490 2687 619 2723 horum
643 2690 805 2730 nullum,
832 2690 896 2723 sed
914 2687 1193 2734 Apocauchum‚
1216 2688 1408 2721 obscurum
1440 2698 1484 2720 ex
1518 2687 1587 2720 ob-

137 2735 254 2772 souti·
279 2740 406 2772 natum
432 2736 555 2778 misit,
582 2737 647 2786 qui
675 2737 884 2783 nuperrime
909 2736 1139 2771 exactionum
1163 2735 1389 2770 coactoribus
1414 2734 1588 2781 scriptum
