1728 3158
527 113 1087 156 v1'rA⁷··CA1·1TAcanN1.
1401 110 1520 152 XXV'

130 251 132 254 ⁴
148 251 170 266 -ι
191 227 439 271 tumulto
465 233 536 268 aut
560 226 788 280 refragante
803 224 906 264 nihil
926 230 1168 279 gerereturs*
1188 225 1352 280 ipseque
1361 223 1520 264 ··admi-·

208 326 210 328 v
234 318 238 332 ι
263 295 447 336 omnia:
488 299 529 333 et
559 299 663 332 esset
688 305 786 331 non
806 289 971 344 quidem
999 290 1199 331 vocabulo
1218 293 1337 344 (nam
1365 290 1408 330 id
1430 304 1515 330 una

134 392 145 409 ,
160 361 318 409 ›zhbitu
333 389 346 413 ,
385 359 479 400 licet
497 373 581 399 non
611 356 733 398 semel
753 356 806 396 ab
825 355 1063 396 Andronico
1100 358 1294 397 invitatus
1331 363 1371 397 et
1400 357 1516 396 enixe

85 427 148 479 ’ᾗ
205 447 245 479 -·-,
270 429 502 468 constanter
521 423 634 478 sugit)
667 422 737 463 sed
757 435 879 476 opere
898 423 984 475 ipso
1003 422 1237 474 imperator.
1294 424 1402 477 Lege
1420 437 1512 476 cap.

96 504 98 506 ’
154 499 176 528 τ,
211 503 268 534 ²2.
291 510 293 513 ·
321 492 415 543 Quo
435 490 624 532 destincto
638 518 651 542 ‚
691 501 906 543 procerum
935 501 982 526 ac
1001 486 1175 526 militum
1192 489 1296 528 votis
1316 489 1516 543 Didymo-

72 553 97 566 ⁹
194 558 446 610 obsecutus,
485 559 662 610 itemque
691 553 780 594 aliis
808 552 860 593 de
887 553 1036 592 caussis
1062 551 1174 606 (quas
1204 554 1385 607 profert,
1416 554 1516 594 dum

103 657 107 661 .
215 627 275 664 ⁴e
290 622 518 680 tyrannidis
537 622 806 676 suspicionem
830 633 856 658 a
886 632 928 658 se
950 617 1142 672 depellit:
1184 619 1349 673 depellit
1380 627 1516 660 autem

204 710 220 727 a
244 705 299 731 ue
317 704 364 730 ac
383 689 642 734 diffissime
657 716 670 740 ,
707 694 748 727 et
764 694 850 727 tam
868 684 1166 736 verisimiliter,
1205 692 1252 724 ut
1281 685 1383 724 nihil
1411 686 1516 726 desi-

157 758 200 810 s)
233 757 476 812 purpurans·
495 756 546 795 ἐἴ
556 755 704 794 tiaram
721 752 870 792 induit.
913 749 1180 805 Adrianopoli
1200 765 1225 791 a
1243 751 1397 790 Lazaro
1418 751 1517 791 Hie-

97 867 100 871 ,
120 832 121 835 ’
177 842 194 853 ·<
217 836 394 875 uorum,
430 833 594 862 narsum
611 820 794 874 Byzantii
813 818 867 858 ab
897 812 1053 858 Isidoro
1071 816 1310 872 patriarchis
1327 830 1518 857 coronam

66 877 85 933 ,Ι
141 919 144 922 -
169 923 173 925 -
204 888 322 930 'alem
340 886 496 930 solenni
514 888 598 928 ritu
617 887 786 941 accepit.
843 885 979 936 Quam
998 884 1115 924 beate
1133 884 1292 933 vixerit,
1325 883 1369 922 in
1389 897 1519 937 quan-

16 954 20 968 ⁵
62 971 90 998 *J-
111 961 144 1008 'J
177 968 336 1010 usque
359 953 470 995 modi
489 953 634 1008 opibus
649 981 663 1005 ,
705 953 750 992 in
778 958 931 1007 quanta
961 950 1171 990 hominum
1196 948 1460 989 admiratione
1479 956 1521 989 et

130 1043 148 1052 -<
169 1022 177 1032 “
220 1021 367 1075 ,ipse
390 1019 620 1061 clarissimis
650 1017 787 1059 verbis
815 1017 890 1057 lib.
915 1017 956 1057 3.
977 1030 1069 1070 cap.
1094 1014 1162 1056 53.
1185 1022 1224 1055 et
1245 1014 1312 1070 78.
1342 1015 1518 1056 edocuit.

45 1115 51 1141 3-
179 1088 235 1130 ln
246 1086 413 1128 mutari
438 1085 680 1140 disciplina,
717 1085 842 1125 socio
849 1083 1102 1138 Syrgianne,
1148 1082 1340 1136 magistro
1361 1080 1520 1135 Angelo

17 1152 73 1199 *a
207 1166 252 1195 se
267 1159 432 1194 narrat.-
468 1154 512 1192 in
529 1165 612 1207 qua
640 1150 785 1191 deinde
813 1164 887 1204 per
927 1149 1251 1190 exercitationem
1285 1146 1520 1188 lectionem-

34 1214 66 1284 Ῐῖ.
82 1248 85 1254 -
155 1219 287 1283 ¹{muge
305 1218 525 1259 admodum
547 1218 774 1272 processit,
814 1215 987 1270 talisque
1006 1228 1171 1269 prorsus
1192 1215 1319 1254 extitit
1345 1216 1520 1268 impera-

26 1296 57 1335 „tt
58 1293 182 1339 &a
204 1285 366 1340 qualem
387 1285 445 1324 M.
465 1283 626 1325 Tullius
658 1285 702 1323 in
729 1284 978 1337 Pompeiana
1003 1282 1206 1336 depinxit.
1250 1281 1447 1334 siquidem
1478 1282 1521 1320 in

2 1340 51 1398 '³⁴32
59 1366 121 1395 eo
138 1366 300 1408 quoque
328 1351 399 1391 illa
425 1358 615 1406 quatuor,
643 1364 748 1403 quae
766 1351 809 1389 in
837 1362 996 1389 summo
1026 1349 1269 1402 imperatore
1292 1349 1421 1387 inesse
1450 1347 1524 1387 deq

35 1416 195 1472 Mbent
214 1419 471 1470 enituerunt,
507 1419 699 1468 scientia,
731 1417 878 1468 virtus,
912 1414 1096 1466 felicitas,
1128 1416 1360 1454 auctoritas.
1409 1413 1521 1454 Talis

31 1486 194 1540 item,
240 1484 405 1539 qualem
438 1485 482 1524 in
521 1484 742 1538 Strategico
776 1483 1034 1537 gravissimus
1064 1488 1300 1534 praeceptor
1334 1480 1525 1521 militaris

36 1551 320 1594 Onosander
326 1551 520 1606 describit
535 1565 627 1606 cap.
657 1564 693 1590 1.
699 1556 883 1603 ‚castus,
910 1555 1152 1603 temperans,
1184 1548 1358 1600 sobrius,
1396 1547 1519 1601 frugi,

27 1608 295 1694 Zalaboriosus
304 1616 587 1672 ql'fltelligens
601 1647 613 1671 ,
655 1617 822 1656 minime
852 1629 999 1656 avarus
1013 1644 1026 1667 ,
1065 1629 1139 1654 nec
1158 1615 1320 1667 iunior,
1359 1627 1434 1653 nec
1457 1628 1520 1653 se·-

22 1670 184 1737 ³nior,
206 1683 402 1728 filiomm
423 1691 564 1739 pater,
604 1683 764 1724 dicendi
792 1684 965 1737 peritus,
1007 1680 1134 1736 gloria
1164 1681 1348 1721 illustris.
1379 1681 1522 1731 Qua-

19 1759 22 1790 ζ
73 1747 164 1790 lem
173 1757 381 1804 praeterea
400 1750 452 1790 de
471 1749 617 1790 bellico
637 1756 833 1803 apparatu
851 1763 942 1802 cap.
965 1762 1004 1792 2.
1044 1749 1127 1787 Leo
1146 1749 1401 1801 imperator.
1398 1747 1521 1786 Lin-

27 1828 195 1870 guam
222 1817 410 1856 Latinam
442 1815 626 1855 calluisse
654 1815 748 1854 inde
776 1816 1048 1854 coniecturam
1075 1814 1206 1866 capio.
1262 1813 1427 1852 Etenim
1457 1826 1522 1852 res

0 1881 1 1885 ’
26 1886 41 1900 “·
71 1882 350 1922 Romanorum
367 1883 658 1936 imperatorum
679 1881 749 1934 (ut
768 1895 841 1920 nos
865 1882 1069 1920 Romanos
1088 1881 1351 1933 imperatores
1371 1877 1522 1931 apella—

35 1967 37 1969 >
71 1961 191 2000 mus,
228 1947 308 1988 hoc
326 1955 387 1988 est
410 1962 551 1988 eorum
570 1976 582 2000 ,
621 1948 692 2001 qui
722 1948 766 1986 in
797 1946 913 1986 Italia
954 1953 995 1986 et
1039 1946 1192 1985 Romae
1216 1945 1426 1997 vixerunt)
1446 1944 1522 1984 ali-

73 2015 228 2069 quoties
259 2015 314 2053 inv
331 2014 510 2054 medium
539 2013 703 2053 adducit
716 2042 728 2064 ,
769 2026 869 2066 quas
896 2012 1063 2051 forsitan
1093 2011 1201 2064 apud
1220 2011 1412 2049 historiae
1432 2009 1521 2050 Au«

33 2097 37 2103 ²
74 2087 214 2135 gastae
231 2081 444 2135 scriptores
469 2079 581 2134 legit.
637 2080 694 2119 Et
721 2078 858 2133 Arego
887 2078 1085 2118 monacho
1107 2076 1294 2117 Sahaudo
1324 2076 1523 2130 quaedam

37 2154 41 2160 '
72 2147 229 2186 Graece
246 2148 517 2201 scriptanon
545 2145 813 2200 intelligenti,
854 2147 1141 2199 interpretatur
1169 2143 1242 2183 lib.
1266 2144 1307 2184 3.
1336 2158 1426 2197 cap.
1449 2142 1520 2195 84.

74 2212 119 2253 Si
137 2213 228 2267 quis
249 2212 455 2252 auditione
471 2220 631 2252 tantum
648 2213 924 2252 Romanorum
944 2211 1049 2250 facta
1068 2210 1283 2264 accepisse,
1308 2216 1347 2249 et
1367 2210 1522 2248 Graeca

31 2283 34 2301 ῑ
74 2277 147 2321 illa
163 2278 301 2318 italice
319 2278 518 2319 monacho
537 2281 846 2332 interpretatum
876 2291 961 2317 esse
980 2277 1144 2317 credere
1173 2275 1288 2316 malit
1303 2306 1316 2328 ,
1358 2290 1452 2315 cum
1473 2289 1521 2316 eo

23 2359 35 2401 'ss
73 2358 158 2386 non
177 2345 436 2385 contendam:
468 2352 508 2385 et
525 2347 582 2385 ita
600 2346 766 2384 nomine
785 2345 952 2384 Latinae
972 2343 1154 2398 linguae,
1195 2343 1310 2382 cuius
1329 2357 1371 2382 se
1392 2343 1522 2382 scien-

73 2418 157 2452 tem
176 2412 353 2466 quodam
373 2411 461 2452 loco
479 2410 668 2463 affirmat,
686 2425 846 2465 quaque
857 2410 1139 2465 praesidiarios
1160 2409 1283 2449 Italos
1303 2408 1523 2462 alloquitur

1 2534 4 2538 ι
31 2520 35 2534 ,
76 2477 422 2533 Constantinopoli
441 2477 514 2517 lib.
537 2477 579 2529 4.
601 2492 691 2532 cap.
715 2476 801 2529 54.,
824 2477 964 2517 Italica
994 2475 1254 2529 intelligenda
1274 2476 1374 2515 erit:
1421 2476 1524 2514 sicut

75 2556 150 2597 per
176 2544 342 2583 Latinos
371 2543 463 2583 Itali
497 2551 537 2583 et
567 2543 636 2584 alii
677 2558 760 2583 non
792 2544 952 2583 Graeci.
1010 2542 1172 2582 Persice
1205 2556 1367 2596 quoque
1383 2571 1394 2591 ,
1438 2542 1523 2580 sive

76 2609 249 2650 'rumice
287 2623 403 2649 nosse
441 2623 484 2649 se
523 2609 595 2649 hb.
619 2609 661 2662 4.
684 2624 774 2664 cap.
803 2623 866 2649 ιο.
907 2608 1091 2648 affirmat.
1164 2608 1309 2648 Artem
1339 2608 1524 2647 didicisse

18 2663 39 2706 3
77 2675 293 2716 oratoriam
309 2705 321 2728 ‚
363 2675 590 2731 eloquentia
610 2678 734 2731 ipsius
765 2677 874 2716 omni
906 2675 1202 2731 praedicatione
1233 2675 1354 2728 digna
1371 2704 1383 2727 ,
1425 2682 1463 2714 et
1482 2674 1523 2713 in
