1832 3138
549 96 926 153 msromAmJM
967 103 1000 150 ι
1037 104 1080 151 9.
1464 82 1539 152 45

76 198 442 260 ’ἐνδιατριθψσντα
457 200 619 255 πόνοις,
669 202 794 244 τοῦτο
832 203 879 245 δὲ
915 202 1163 258 ἤγνοηκὸτα,
1207 221 1264 255 ως
1283 204 1384 259 μία
1394 206 1636 262 ,talpone
1652 213 1738 251 1320

87 266 207 326 ’ροπη
234 267 400 310 πολλῶν
425 265 588 321 ποιήσει
610 264 864 325 πραγμάτων
893 270 1144 322 μεταβολάς.
1145 272 1174 289 ’'
1224 269 1320 314 Ἐπι
1344 271 1507 322 τούτοις
1526 265 1591 314 ὃΡ·
1603 261 1650 299 3²

71 343 73 345 ’
93 335 241 389 μέγας
246 333 486 386 δομέστικος
508 327 598 374 εἷπε
621 334 785 376 τοιάδε·
810 333 993 387 »οὐδένα
1015 333 1170 387 νομίζω
1190 337 1274 378 τῶν
1306 353 1376 379 και
1395 335 1545 380 ὅπωσ-

82 401 170 443 ὀὕν
200 396 510 454 μετειληχότων
544 401 731 456 φρενῶν,
774 396 907 449 οὕτως
934 396 1086 441 ἑαυτὸν
1109 395 1170 451 οἷς
1191 402 1236 452 ἐξ
1264 402 1399 459 ἀρχῆς
1419 404 1542 458 ἐβου-

36 492 38 521 t
65 512 67 515 f
95 466 270 508 λε’ύσατο
303 465 542 526 πεπεικέναι
571 464 752 520 βεβαίως
783 466 1004 519 ἐμμένειν,
1036 462 1145 508 ὥστε
1173 467 1233 523 μὴ
1250 469 1541 524 μεταβάλλειν,

36 543 37 549 ’
79 527 321 588 ’ἑτέρων-,ἒν
353 528 518 588 ὕστέρῳ
553 533 820 586 φαινομένων
851 529 1085 586 βελτιόνων.
1126 531 1200 574 καί
1234 535 1283 575 σὲ
1315 535 1362 576 δὲ
1399 532 1544 588 αὐτὸν,

59 623 61 625 -
91 592 241 639 οὒκ-ἂν
262 592 505 652 εὐπορήσειν
541 597 609 638 ἐπ”
641 595 739 650 ἐμοὶ·
758 595 967 654 λοιδορίας
986 595 1242 654 ὗπερβολῆς,
1271 594 1299 655 ἢ
1321 596 1431 642 οὕτω
1449 599 1549 656 περὶ

90 662 180 704 τῶν
200 660 458 719 πραγμάτων
479 663 613 717 λέγειν
633 660 771 717 ἔχειν,
808 663 855 705 ἒν
879 664 1065 720 διαφορᾷ
1088 664 1363 706 καταστάντα.
1388 665 1470 719 ἐγώ
1497 667 1547 709 δὲ

54 759 62 762 -
90 725 290 787 τοσούτου
302 728 406 770 δέω
436 725 576 770 οποῑον
609 723 724 771 εἶναι’
763 744 896 785 φατε,
947 726 1055 771 ω’στε
1089 729 1170 772 κᾶν
1200 734 1286 780 τοῖς
1319 731 1546 787 δημοσίοις,

59 798 62 802 ’
91 789 169 836 κᾶν
186 797 275 842 τοῖς
296 791 442 847 ῖδώις,
478 794 623 850 ψῆφον
654 810 712 844 ως
733 795 870 844 καλῶς
895 792 1078 849 ἔχουσαν
1094 811 1163 838 και
1186 797 1261 838 τοῦ
1282 798 1545 839 λυσιτελοῦν..

31 913 48 932 -.-
81 873 156 910 τος
178 855 228 901 τό
253 859 389 901 δοκεῖν
417 860 463 910 ἐς
492 857 546 901 τά
576 857 761 912 μάλιστα
799 860 1102 917 ἐφικνουμένην
1123 860 1227 918 περί
1249 878 1360 912 τινος
1390 863 1543 904 πολλά..

29 941 43 974 j
87 941 201 976 κιςε
178 923 419 982 ἔξενεγκων,
455 919 539 982 ἤδη
573 927 622 978 δὲ
654 943 724 969 και
754 925 859 985 πρὸς
889 926 936 970 τὸ
972 926 1170 985 πράττειν
1199 930 1372 986 χωρῶν,
1411 927 1540 971 ἔπειτ’
1551 940 1578 972 Β

28 981 39 1038 ζ
78 987 118 1049 ἦ
139 988 268 1050 ἑτέρω
301 989 350 1034 τὸ
383 985 513 1048 ’ἧσσον
553 989 668 1047 ἔχειν
703 990 778 1035 ἐπι
805 993 865 1051 τῷ
904 999 1075 1050 φρονεῖν
1109 995 1326 1048 δοκοῦντι,
1366 989 1394 1051 ἢ
1421 991 1548 1046 αὐτὸς

31 1056 38 1107 Ξ
87 1057 260 1115 ἐμαυτῷ
278 1054 356 1113 τὴν
387 1055 585 1100 ἐναντίαν
618 1057 806 1109 πεισθεις
833 1056 1012 1115 εἱλόμην.
1059 1061 1130 1116 ἐφ’
1153 1056 1214 1109 οἷς
1246 1061 1294 1102 δὲ
1324 1075 1416 1102 νυνι
1451 1075 1547 1102 σκο-

22 1098 271 1186 ᾒόποῢμεν,
309 1123 493 1177 μάλιστα
511 1125 592 1178 μὲν
612 1141 673 1167 ων
705 1123 827 1178 ὑμεῖς
849 1124 1126 1180 βουλεύεσθε,
1166 1122 1457 1181 ἀποσχέσθαι,
1483 1143 1545 1169 ων

24 1173 37 1242 ’ἒ
87 1190 131 1232 δ’
159 1188 259 1243 ἐμοὶ
289 1190 424 1244 δοκεῖ,
472 1190 560 1233 δεῖν
602 1189 779 1245 ἔχεσθαι
815 1189 972 1245 νομίζω
1010 1193 1172 1234 πολλῶν
1204 1193 1342 1235 ε’νεκεν
1384 1193 1543 1235 αιτιαῖν.

80 1256 253 1313 πρῶτον
272 1257 354 1310 μὲν
377 1254 456 1313 γάρ
485 1254 533 1298 τὸ
552 1262 678 1314 χεῖρα
710 1258 878 1313 κινῆσαι
911 1256 1018 1300 κατὰ
1039 1259 1247 1313 βασιλέως
1271 1274 1340 1300 και
1373 1259 1433 1316 τῷ
1453 1259 1540 1315 θεῶ

82 1323 391 1379 κεχρισμένου,
441 1339 512 1364 και
547 1322 760 1380 σωτηρίαν
801 1320 1084 1381 ἀποστερῆσαι
1115 1325 1283 1379 ψυχῆς,
1320 1314 1385 1366 οὗ
1417 1324 1545 1378 μόνον

74 1388 221 1444 πᾶσης
241 1390 288 1431 ἐν
311 1385 550 1445 ἀνθρώποις
583 1389 863 1447 απεστὲρηται
896 1390 1164 1446 συγγνώιιης,
1206 1389 1311 1433 ἀλλὰ
1335 1407 1404 1432 και
1428 1391 1540 1446 παρὰ

21 1454 172 1513 ι’203εῷ
192 1453 270 1505 τὰς
288 1453 472 1510 ἐσχάτας
501 1457 586 1498 τῶν
611 1455 811 1498 τοιούτων
833 1455 965 1513 ἔργων
986 1456 1248 1510 πεπείσμεθα
1277 1460 1446 1500 κεῖσθαι
1467 1456 1544 1507 τὰς

83 1517 323 1571 ἀντιδόσεις.
350 1519 497 1564 ἔπειτα
519 1522 591 1575 δὲ,
620 1521 719 1564 οῦδὲ
746 1524 869 1565 τοῦτο
894 1524 939 1574 ἐξ
969 1518 1103 1580 ἀρχῆς
1133 1522 1404 1578 ὑπεθέμεθα,
1433 1519 1543 1566 ὥστε

82 1583 156 1629 τὸν
180 1588 262 1640 μὲν
283 1583 478 1641 ἀνελεῖν,
505 1585 578 1630 τὸν
611 1589 654 1630 δ’
685 1587 989 1644 ἕγκαθιδρύσαι
1014 1594 1101 1638 τοῖς
1121 1589 1287 1646 θρόνοις
1315 1591 1399 1632 τῶν
1417 1591 1540 1642 βασι-
1558 1599 1586 1634 C

83 1654 204 1695 λέων·
231 1650 336 1695 ἄλλά
364 1653 495 1696 πολύν
526 1669 622 1696 τινα
645 1652 719 1696 τὸν
743 1653 905 1697 δικαίου
930 1655 1168 1709 ποιούμενοι
1190 1654 1332 1710 λόγον,
1361 1654 1538 1709 ἀμύνειν

174 1733 208 1767 3
233 1729 428 1769 ὅπωσοῦν.
456 1733 552 1781 Lege
577 1732 810 1770 ὁποσονοῦν.

80 1813 229 1847 affixum
248 1823 326 1847 esse
345 1815 531 1857 oportere:
563 1822 632 1846 nec
652 1813 720 1846 scis
745 1813 803 1846 vel
826 1823 899 1846 uno
922 1813 1095 1859 temporis
1112 1817 1248 1858 puncto
1268 1823 1387 1847 rerum
1415 1812 1533 1859 pluri-

79 1871 217 1894 marum
246 1859 544 1894 commutationes
567 1859 684 1893 solere
711 1859 800 1892 fieri.
849 1858 996 1894 Adhaec
1021 1871 1168 1905 magnus
1194 1860 1430 1895 domesticus:
1459 1861 1534 1906 Ego

79 1917 165 1942 vero
182 1907 389 1940 mortalium
408 1905 526 1940 adhuc
543 1906 706 1947 nullum,
742 1905 867 1939 saltem
889 1907 1079 1951 paululum
1097 1911 1221 1940 mente
1248 1907 1425 1942 valentem
1437 1931 1447 1948 ‚
1482 1909 1535 1941 ita

79 1958 293 2000 perpetuam
311 1955 352 1987 in
378 1954 494 1999 prima
509 1953 632 1999 aliqua
654 1953 840 1986 voluntate
865 1955 1158 1998 permansionem
1182 1954 1331 1988 sibimet
1356 1955 1533 1988 indixisse

82 2000 210 2043 credo,
235 2004 278 2034 ut
298 2011 376 2034 eam
394 2004 537 2046 postea,
557 2001 701 2033 tametsi
722 2000 872 2033 meliora
897 2012 936 2034 se
957 2003 1149 2041 offerrent,
1190 2003 1380 2034 immutare
1409 2001 1532 2035 detre-

80 2047 239 2082 ctaverit.
289 2047 343 2081 Te
361 2057 508 2094 quoque
530 2048 648 2092 ipsum
667 2046 824 2080 arbitror
839 2058 914 2081 non
939 2049 1103 2092 potuisse
1126 2052 1197 2080 tam
1222 2048 1415 2082 immodice
1440 2047 1533 2082 mihi

64 2094 287 2137 -convitiari,
311 2099 376 2128 aut
399 2094 445 2129 de
469 2093 577 2128 rebus
612 2094 703 2128 adeo
737 2093 923 2127 commode
958 2105 999 2127 ac
1021 2105 1105 2129 vere
1143 2095 1271 2141 loqui,
1299 2095 1370 2128 nisi
1394 2096 1532 2140 pariter

76 2153 219 2176 mecum
242 2141 404 2177 sentires.
453 2141 612 2175 Tantum
635 2146 756 2175 autem
773 2141 818 2174 ab
842 2142 907 2175 illo
933 2140 1043 2182 disto,
1069 2152 1176 2188 quem
1195 2147 1236 2175 tu
1261 2152 1318 2175 me
1342 2142 1531 2183 describis,

75 2195 121 2223 ut
144 2194 219 2223 tam
239 2188 280 2222 in
302 2188 632 2245 publicis‚q11a1n
652 2189 803 2234 privatis
830 2187 1176 2229 deliberationibus,
1210 2200 1290 2222 cum
1314 2189 1532 2222 sententiam

74 2235 322 2282 probabilem,
347 2240 385 2269 et
410 2237 464 2269 rei
486 2236 694 2281 propositae
717 2236 914 2269 utilitatem
940 2236 1115 2281 opinione
1135 2247 1216 2269 mea
1238 2236 1391 2269 maxime
1415 2237 1530 2270 attin-

76 2287 223 2329 gentem
244 2292 515 2333 saepenumero
526 2283 770 2328 protulissem,
794 2281 928 2316 deinde
955 2282 1020 2317 ubi
1045 2283 1090 2316 ad
1114 2283 1207 2316 facta
1234 2287 1382 2317 ventum
1405 2283 1530 2326 fuerit,

75 2334 140 2364 aut
161 2329 207 2364 ab
231 2330 303 2364 alio
317 2354 328 2372 ,
364 2341 472 2376 quem
511 2326 631 2363 'minus
663 2329 878 2375 prudentem
901 2329 1125 2371 iudicarem,
1159 2335 1222 2364 aut
1244 2341 1264 2362 a
1287 2335 1420 2364 memet
1443 2342 1531 2375 per-

76 2388 221 2419 suasus,
245 2378 285 2411 in
314 2377 386 2410 alia
416 2377 538 2411 omnia
570 2376 806 2410 discesserim.
855 2377 897 2410 In
934 2376 1005 2410 hoc
1036 2382 1156 2410 autem
1179 2377 1348 2422 negotio,
1383 2376 1428 2411 de
1457 2389 1529 2423 quo

75 2435 175 2458 nunc
198 2402 438 2470 disceptamus
452 2449 462 2466 ‚
485 2435 560 2458 non
584 2435 676 2471 quae
699 2423 816 2465 vobis,
841 2423 905 2457 sed
921 2435 1014 2470 quae
1038 2423 1129 2457 mihi
1153 2424 1348 2465 videntur,
1369 2424 1530 2469 proban-

77 2470 123 2505 ‹la
150 2471 342 2512 existimo,
377 2471 491 2517 idque
524 2471 692 2516 pluribus
727 2470 773 2504 de
810 2471 935 2504 causis.
996 2471 1152 2504 Primum
1187 2472 1286 2504 enim
1327 2481 1452 2505 manus
1490 2473 1531 2505 in

75 2519 331 2564 imperatorem
355 2523 393 2553 et
415 2524 564 2552 unctum
587 2518 737 2552 Domini
769 2518 944 2558 iniicere,
983 2518 1092 2563 eique
1116 2518 1270 2551 animam
1293 2519 1526 2563 extinguere,

72 2575 150 2598 non
173 2565 271 2612 apud
293 2565 460 2599 homines
483 2566 599 2599 solum
649 2566 836 2599 universos
860 2565 966 2598 venia
991 2569 1110 2605 caret,
1136 2564 1222 2605 sed,
1251 2565 1306 2598 uti
1330 2565 1526 2606 credimus,

74 2612 183 2645 etiam
208 2623 230 2645 a
253 2613 331 2647 Deo
356 2612 565 2647 huiusmodi
589 2612 749 2646 facinora
776 2612 1005 2646 acerbissima
1031 2611 1196 2646 mercede
1219 2617 1426 2657 pensantur.
1451 2612 1528 2646 De-

73 2657 161 2693 inde
185 2670 261 2693 non
284 2660 378 2694 istuc
404 2660 512 2694 nobis
534 2671 554 2693 a
579 2659 771 2740 principiol
786 2659 1062 2704 proposuimus,
1094 2664 1136 2693 ut
1158 2659 1309 2692 alterum
1333 2659 1528 2703 imperato-

73 2715 148 2741 rem
171 2707 254 2742 neci
271 2705 447 2751 daremus,
473 2707 626 2744 alterum
650 2707 690 2743 iu
716 2706 807 2742 solio
831 2705 1106 2742 collocaremus:
1134 2705 1198 2741 sed
1221 2706 1378 2741 sollicito
1403 2703 1448 2740 ad
1470 2706 1527 2741 iu-
