1832 3132
381 51 494 119 446
913 64 1281 109 οΑΝΤΛουΖΕΝι

192 174 283 212 A.c.
300 170 515 227 ιδὸοδωνύρ
545 169 592 210 δὲ
624 164 894 220 περιπεσόντα
931 165 1003 208 καὶ
1045 169 1191 223 σαφοῦς
1232 166 1308 224 τήν
1339 164 1542 222 ἀβουλίαν
1564 167 1796 224 dymnum,

382 236 456 289 τῆς
492 234 643 287 πέτρας
674 232 840 277 δεῖσθαι
864 232 939 273 τοῦ
966 229 1173 283 κλύδωνος
1200 232 1273 277 ἐπὶ
1311 234 1387 277 τοῦ
1419 230 1624 288 πελάγους
1647 234 1799 279 ἐλθοῦ-

382 314 461 341 σαν
486 293 716 351 ἐξαρπάσαι
732 311 743 324 ·
775 293 850 350 τήν
877 296 924 337 δὲ
955 295 1280 352 ἀποκρίνασθαι,
1307 293 1358 340 οὖ
1385 295 1542 352 δυνατοὶ
1561 298 1770 342 αἰτεῖσθαι
1785 314 1798 328 ·

381 363 470 404 ἀλλ’
489 359 564 402 εἴτι
592 361 725 402 δέοιτο
743 361 816 413 τῆς
842 362 940 415 παρ’
959 356 1086 416 αὐτῆς
1114 360 1302 417 γαλήνης,
1331 361 1458 405 αῧτὸν
1475 364 1633 416 μᾶλλον
1650 362 1798 413 ἐλθόν-

381 444 431 469 τα
449 423 551 481 πρὸς
568 420 711 479 αὐτήν,
727 423 778 466 τὰ
794 424 1032 480 πρυμνήσια
1052 426 1224 479 ἀνάψαι.
1252 428 1376 469 τοῦτο
1395 428 1442 470 δὲ
1459 427 1510 471 οὗ
1529 427 1675 483 λόγοις,
1692 427 1822 477 om&

380 493 537 545 μᾶλλον
552 488 683 544 ἔργοις
698 490 1018 532 ἐπιδείκνυσθαι·
1034 490 1207 543 οὐδεμία
1219 489 1296 547 γάρ
1316 490 1431 534 ἔσται
1442 492 1702 550 τις,.οὸφέλεια
1713 489 1794 547 ἀπὸ

381 557 462 597 τῶν
480 551 623 608 λόγων,
644 553 716 596 ἐὰν
742 552 800 609 μή
833 552 960 604 αὐτὸς
987 553 1090 613 ἔργῳ
1116 555 1384 612 προσορμήσῃ
1405 558 1631 615 τῷλιμένι.
1658 555 1706 600 τὸ
1724 559 1797 600 νῦν

381 621 460 673 μὲν
488 613 560 661 οὖν
584 617 707 673 ἔχον,·
729 621 886 675 μηδένα
907 623 1004 676 παρ’
1034 620 1168 662 αὐτοῦ
1192 620 1297 676 μήτε
1325 622 1512 666 κίνδυνον
1524 614 1774 680 Ιὑφορᾶσθαι
1783 655 1798 677 ,

341 683 477 741 Βμήτ’
496 683 731 740 ἐπικουρίας
758 691 900 738 τυχεῖν
927 686 1117 738 ἐλπίζειν.
1172 684 1247 731 ἐὰν
1275 687 1322 734 δὲ
1353 685 1488 742 ἔργοις
1517 688 1576 738 εἷς
1604 686 1653 733 »τὸ
1678 686 1796 730 ἐπιὸν

382 751 629 805 ἐπιδείξηται
653 748 727 806 τήν
751 749 854 806 πρὸς
871 749 999 793 αὐτὸν
1015 750 1209 807 στοργήν,
1240 750 1391 808 (λόγοις
1409 751 1489 808 γὰρ
1507 748 1557 799 οὗ
1573 752 1832 806 amasinum

382 812 462 871 ἤδη
494 817 557 866 δίς
584 817 655 857 καί
676 814 764 869 τρίς
785 816 1136 871 ἀποδεδειγμένοις
1156 815 1265 870 ἔχειν
1298 817 1413 872 ὑγιὲς
1435 815 1598 876 οὖδὲν,)
1617 814 1700 860 τότ’
1717 812 1797 874 ἤδη

380 879 430 924 τὰ
453 884 548 936 παρ’
578 877 731 924 ἑαυτοῦ
755 882 827 923 καί
853 878 982 924 mimia}
1004 881 1270 938 προσθήσειν.
1334 881 1589 939 Συργιᾶννης
1616 883 1695 936 μὲν
1723 878 1799 926 οὖν

380 948 562 994 τοσαῦτα
589 943 714 987 εἰπών
741 945 813 988 καὶ
838 946 1045 1001 οἰκούσας,
1073 944 1335 1002 ἀνεχώρησεν
1361 947 1541 1002 ἐκεῖθεν,
1569 943 1644 991 οὔκ
1670 941 1798 1002 ὀλίγα

381 1010 604 1064 ἀνιώμενος
622 1006 685 1052 ὅτι
712 1009 770 1066 μὴ
800 1011 997 1068 δυνηθείη
1025 1017 1165 1054 πεῖσαι
1190 1009 1258 1055 τὸν
1290 1013 1422 1067 μέγαν
1458 1008 1575 1070 aziz-cii
1606 1013 1796 1073 δομέστι-

381 1092 451 1118 κον
475 1078 708 1131 προσέχειν.
1803 1081 1832 1122 ιέ

259 1145 369 1184 Ρ.273
488 1139 564 1184 κδ’.
589 1139 799 1190 Βασιλεὺς
822 1142 869 1184 δὲ
887 1142 933 1184 ἐκ
957 1143 1030 1198 τῆς
1048 1143 1302 1198 Χαλκιδικῆς
1321 1137 1439 1198 ἄρας,
1472 1136 1602 1197 ἦλθεν
1629 1143 1689 1192 εἰς
1706 1145 1799 1185 Rv-

337 1205 563 1257 Βζάντιον·
590 1207 825 1248 συνείποντο
851 1208 897 1249 δὲ
926 1205 997 1249 καί
1023 1205 1276 1263 Συργιάννης
1299 1206 1373 1249 καί
1406 1205 1714 1261 Τζαμπλάκων,
1739 1207 1798 1257 ὥς

377 1275 467 1316 ἐκεῖ
484 1272 754 1328 γενησομένης
776 1273 900 1327 δίκης.
930 1272 979 1314 οὗ
1006 1275 1141 1331 πολλῷ
1167 1275 1213 1318 δὲ
1228 1270 1401 1329 ὕστερον
1425 1275 1498 1314 καί
1521 1270 1561 1315 οἱ
1581 1275 1682 1327 παρ’
1699 1269 1796 1315 ἑκά-.-

377 1338 498 1392 τέρου
536 1338 875 1392 προσκεκλημένοι
919 1336 1126 1394 μάρτυρες
1165 1340 1368 1393 παρῆσαν.
1422 1337 1515 1380 ἐπεὶ
1549 1338 1596 1380 δὲ
1621 1335 1796 1381 ἐπύθετο

379 1398 641 1456 ὃβασιλεύς,
678 1404 862 1444 ἐκέλευεν
889 1403 948 1453 εἷς
991 1402 1038 1446 τὸ
1069 1402 1335 1458 δικαστήριον
1371 1402 1575 1460 οἷπαντᾷν.
1624 1402 1832 1455 μελλόν-ᾳς

378 1484 462 1509 των
489 1468 535 1509 δὲ
564 1462 667 1523 ἤδη,
697 1469 911 1523 ἠγγέλλετο
949 1469 996 1511 ἐκ
1015 1470 1223 1518 Βιθυνίας
1247 1468 1304 1517 ὥς
1323 1465 1524 1524 Ὀρχάνης
1553 1465 1577 1509 ὅ
1605 1470 1689 1511 τῶν
1721 1464 1799 1510 αὗ-

379 1532 470 1574 τόθι
505 1535 686 1589 Περσῶν
717 1534 932 1590 σατράπης
955 1532 1031 1589 τήν
1049 1534 1154 1576 κατὰ
1183 1532 1251 1576 τὸν
1275 1532 1528 1591 Ἀστακηνὸν
1556 1533 1705 1577 κόλπον
1722 1538 1801 1579 Νι·

381 1596 623 1653 κομήδειαν,
649 1598 771 1641 πόλιν
806 1599 989 1655 μεγάλην
1007 1598 1079 1641 καί
1098 1597 1436 1656 πολυάνθρωπον,
1464 1597 1662 1656 στρατιὰν
1692 1605 1795 1650 πολ-

379 1710 490 1743 maius
511 1709 679 1755 quiddam
698 1714 734 1743 et
756 1709 930 1742 lucrosius
954 1708 1182 1742 inventurum
1206 1707 1416 1742 somniasses
1430 1731 1441 1750 ,
1473 1708 1514 1742 in
1533 1713 1669 1743 vastum
1691 1709 1795 1754 pela-

379 1767 441 1800 gus
466 1757 676 1800 processisse
701 1761 737 1788 et
761 1756 798 1788 in
822 1755 947 1788 fluctus
974 1755 1155 1791 incidisse.
1212 1755 1371 1800 Cumque
1395 1755 1580 1800 perspicue
1603 1756 1794 1790 stultitiam

379 1807 474 1835 tuam
493 1803 696 1846 agnoveris,
726 1812 821 1834 nunc
845 1811 965 1846 rogare
988 1807 1122 1846 petram
1138 1825 1147 1840 ‚
1179 1802 1234 1834 uti
1255 1801 1294 1833 in
1314 1801 1424 1833 altum
1446 1811 1542 1835 mare
1562 1801 1685 1835 veniat
1708 1807 1745 1836 et
1772 1813 1793 1836 e

379 1847 546 1881 fluctibus
578 1853 614 1881 te
643 1848 794 1890 educat3
827 1848 927 1880 illam
956 1847 1193 1891 respondere,
1225 1847 1269 1880 ab
1306 1857 1343 1879 se
1379 1848 1477 1891 peti,
1501 1847 1599 1892 quod
1622 1848 1660 1881 in
1684 1859 1792 1882 manu

381 1905 443 1926 sua
466 1906 538 1927 non
563 1896 623 1927 sit:
658 1905 779 1927 verum
809 1895 839 1926 si
875 1894 951 1927 eius
983 1904 1105 1926 secura
1127 1893 1388 1938 tranquillitate
1415 1893 1487 1926 frui
1511 1892 1712 1935 desideres,
1736 1895 1792 1928 uti

381 1945 421 1972 tu
445 1941 565 1984 potius
585 1939 630 1972 ad
655 1951 691 1974 se
709 1950 866 1973 accurras
901 1945 937 1972 et
956 1940 1154 1972 retinacula
1185 1951 1204 1972 a
1222 1950 1260 1972 se
1285 1944 1405 1984 aptes:
1432 1938 1471 1971 id
1493 1939 1591 1984 quod
1620 1951 1693 1975 non
1713 1951 1795 1974 ver-

380 1984 450 2026 bis,
475 1985 537 2019 sed
557 1997 664 2029 opere
687 1987 796 2030 magis
821 1985 1103 2028 ostendendum;
1127 1985 1221 2018 nihil
1243 1986 1339 2018 enim
1361 1984 1469 2018 verba
1491 1985 1700 2030 proderunt,
1722 1986 1795 2020 nisi

381 2042 419 2063 re
442 2032 517 2074 ipsa
540 2032 585 2064 ad
603 2038 744 2076 portum
762 2032 858 2065 hunc
881 2032 1092 2076 confugeris.
1139 2033 1180 2064 In
1198 2042 1364 2076 praesens
1386 2032 1510 2077 itaque
1530 2042 1598 2065 nec
1617 2043 1638 2065 a
1662 2043 1720 2066 me
1736 2033 1795 2065 ul-

380 2076 454 2109 lum
479 2078 623 2110 timebis
650 2078 868 2122 periculum3
903 2089 1021 2123 neque
1049 2078 1162 2110 ullum
1197 2078 1354 2122 sperabis
1379 2078 1565 2112 auxilium.
1658 2077 1732 2111 uod
1762 2079 1795 2112 si

379 2122 527 2167 posthac
562 2125 663 2157 factis
694 2130 796 2158 tuum
828 2135 907 2169 erga
940 2135 996 2157 me
1021 2129 1057 2158 et
1084 2125 1253 2158 eximium
1280 2124 1425 2170 quidem
1455 2133 1611 2157 amorem
1689 2135 1794 2158 mon-

381 2171 545 2202 straveris
579 2169 710 2214 (verbis
734 2181 886 2215 namque
910 2182 982 2203 non
1004 2170 1135 2210 credo,
1171 2182 1262 2216 quae
1298 2171 1368 2203 iam
1391 2169 1447 2203 bis
1469 2175 1596 2215 terque
1628 2170 1793 2205 falsitatis

382 2220 559 2259 comperta
593 2217 689 2260 sunt)
725 2221 799 2249 tum
825 2228 887 2261 ego
914 2228 1057 2262 quoque
1083 2217 1240 2250 officium
1264 2227 1383 2250 meum
1406 2227 1479 2250 non
1501 2216 1792 2260 praetermittam.

380 2260 445 2292 His
469 2272 488 2293 a
511 2272 548 2294 se
573 2261 676 2294 dictis
702 2267 738 2295 ct
760 2274 779 2294 a
804 2261 997 2296 domestico
1024 2262 1168 2304 auditis,
1193 2263 1405 2308 Syrgiannes
1427 2260 1619 2295 admodum
1636 2268 1794 2296 moestus

380 2306 564 2348 discessit,
589 2308 684 2352 quod
708 2319 787 2340 eum
810 2309 975 2353 precibus
999 2309 1043 2342 ad
1068 2321 1104 2342 se
1125 2309 1298 2342 tuendum
1325 2308 1466 2342 flectere
1493 2308 1724 2354 nequivisset.

472 2352 526 2395 24.
576 2354 770 2398 Imperator
794 2354 995 2388 Chalcidice
1022 2356 1229 2398 Byzantium
1261 2355 1383 2395 venit,
1417 2354 1612 2398 Syrgianne
1635 2358 1672 2387 et
1693 2355 1794 2387 Zam-

377 2398 528 2443 placone
554 2400 806 2444 sequentibus,
839 2401 883 2434 ad
917 2401 1090 2434 iudicium
1116 2402 1195 2435 illic
1225 2400 1448 2435 obeundum:
1482 2399 1796 2445 breviqueyvoeati

378 2445 423 2477 ab
464 2450 616 2491 utroque
651 2451 760 2479 testes
793 2449 978 2480 affuerunt.
1039 2447 1148 2493 Quod
1181 2452 1222 2481 ut
1251 2447 1394 2480 rescivit
1415 2446 1632 2490 imperator,
1670 2447 1726 2479 uti
1749 2445 1796 2479 ad

377 2490 539 2524 tribunal
565 2503 685 2524 omnes
718 2498 858 2535 praesto
886 2493 1073 2534 adessent,
1109 2494 1298 2526 mandavit.
1345 2493 1436 2526 Cum
1474 2491 1568 2525 inibi
1592 2503 1646 2525 res
1675 2497 1791 2532 esset,

377 2537 563 2570 nuntiatur
594 2550 614 2571 e
650 2537 816 2580 Bithynia
846 2540 1024 2572 Persarum
1057 2540 1133 2584 illic
1165 2545 1340 2584 satrapam
1364 2538 1607 2573 Nicomediam
1634 2537 1676 2571 in
1708 2538 1790 2571 sinu

378 2582 551 2616 Astaceno
581 2583 702 2616 urbem
727 2584 880 2628 amplam
905 2591 941 2617 et
964 2586 1207 2630 frequentem,
1230 2586 1411 2631 frequenti
1447 2585 1608 2619 exercitu
1642 2584 1793 2616 circum-

374 2628 500 2662 sedere
527 2629 749 2677 admotisque
777 2630 949 2664 machinis
974 2643 1200 2677 oppugnare3
1233 2631 1290 2665 cui
1320 2636 1458 2665 mature
1481 2641 1589 2676 opem
1611 2630 1793 2671 serendam
