1832 3138
314 121 419 188 146
840 135 1210 180 οΑΝΤΑουΖΕΝι

110 242 293 280 A.C.1322
306 234 411 294 ἦλθε
442 236 776 293 διαπραξάμενος
802 237 909 291 ἐκεῖ,
945 239 1210 290 ἒπανέζευξεν
1242 239 1303 287 εἰς
1331 231 1647 294 Χαριούπολιν,
1667 228 1741 282 καί

301 303 467 346 διέλυσε
489 301 564 357 τὴν
587 300 786 358 στρατιάν
815 301 921 358 πλήν
936 304 1107 356 χιλίων,
1142 303 1218 352 οὒς
1241 304 1438 354 ἐπέταξεν
1460 299 1577 361 aziz-cii
1601 309 1740 346 συνεῖε-

299 384 382 421 ναι,
420 368 464 410 ἓν
488 367 666 423 ἡμέραις
698 365 843 423 ῥηταῖς
870 366 1067 416 κελεύσας
1094 365 1220 409 πάλιν
1251 366 1454 423 ἀκλήτους
1478 366 1584 425 πρὸς
1599 366 1739 410 ἀὖτὸν

299 434 552 474 ἐπανελθεῖν.
584 429 605 473 ὅ
624 433 767 485 μέντοι
791 433 875 474 τῶν
905 430 1011 474 κατὰ
1039 430 1115 487 τὴν
1137 431 1393 487 εΡοδόπην
1371 435 1588 490 επαρχιῶν
1609 449 1738 488 στρα-

297 494 415 552 τηγὸς
446 496 734 551 Παλαιολόγος
761 495 784 538 ὅ
809 498 939 552 μέγας
973 496 1344 552 στρατοπεδάρχης
1390 495 1468 547 τὰς
1505 494 1580 539 ὕπ’
1607 495 1763 540 αυτὸνὸ

299 561 438 611 πάσας
457 560 597 610 πόλεις
628 578 696 603 και
720 561 793 616 τὴν
815 559 1040 618 στρατιὰν,
1070 557 1206 617 ὥσπερ
1237 559 1408 617 ἔφημεν,
1438 557 1519 603 ἀπὸ
1542 563 1619 604 τοῦ
1641 562 1736 604 νέου

259 638 285 670 Β
299 628 506 682 βασιλέως
549 625 653 683 πρὸς
694 626 767 669 τόν
811 625 1095 683 πρεσβύτερον
1146 623 1408 680 ἀποστήσας,
1445 642 1615 669 παντων
1658 628 1738 680 μὲν

295 690 544 746 ἴσχυσεκαί
571 690 646 740 τὰς
676 692 842 746 γνώμας
872 689 1227 748 παραστήσασθαι
1267 691 1340 732 καί
1377 692 1433 750 τῷ
1468 690 1735 753 πρεσβυτέρῳ

293 760 466 811 βασιλεῖ
487 761 626 799 πεῖσαι
651 760 885 812 προσέχειν·
912 758 985 799 ἕνα
1011 757 1161 798 δὲ’τῶν
1184 753 1266 797 ἀπὸ
1295 758 1371 798 τοῦ
1384 757 1569 799 Δακικοῧ
1590 757 1736 811 γένους

293 821 457 875 νομάδα
479 821 732 877 Συρμπάνον
750 819 1046 875 ὠνομασμένον
1072 822 1154 864 τῶν
1174 815 1307 864 ὄντων
1330 822 1628 877 ἀποστερήσας,
1667 818 1787 866 ὅτιιο

292 888 350 943 τῷ
369 888 446 945 νέῳ
470 888 707 943 προσέκειτο
730 891 915 941 βασιλεῖ,
944 891 1120 936 πολλαῖς
1144 903 1190 928 τε
1215 886 1369 937 αἰκίαις
1398 886 1635 941 ὑποβαλών,
1657 886 1733 930 δύο
1831 907 1832 938 i

291 968 333 994 τε
355 953 440 993 τῶν
471 950 650 994 ὀδόντων
672 951 900 1007 ἕκριζώσας
926 953 998 993 καί
1025 951 1100 1006 την
1126 950 1303 1008 παρειάν
1326 950 1592 1001 κατακαύσας
1615 951 1734 1007 σιδή-

294 1032 377 1075 ρῳ,
406 1016 465 1066 ὥς
486 1016 559 1058 οὐκ
581 1017 754 1070 ἴσχυσεν
779 1014 1015 1072 ἀποστῆσαι
1039 1019 1113 1058 τοῦ
1136 1019 1230 1059 νέου
1251 1018 1481 1071 βασιλέως,
1510 1017 1734 1073 καθείρξας

292 1078 403 1135 εἶχεν
431 1079 512 1124 ὖπό
539 1086 705 1132 κλοιοῖς.
751 1076 873 1131 οὗτος
906 1080 958 1136 δὴ
991 1083 1067 1123 τοῦ
1098 1082 1384 1137 δεσμωτηρίου
1418 1081 1511 1124 τότε
1541 1081 1731 1138 διαδρὰς,

291 1148 366 1189 καί
393 1146 570 1196 πολλοὺς
594 1145 764 1204 ἑτέρους
794 1146 1218 1204 προσεταιρισάμενος
1238 1146 1426 1200 νομάδας
1447 1145 1624 1201 ψιλοὺς,
1661 1146 1784 1191 καίιό

290 1213 344 1268 τῇ
369 1209 482 1268 παρὰ
504 1214 580 1254 τοῦ
611 1212 706 1253 νέου
729 1213 935 1266 βασιλέως
967 1214 1172 1254 ἐνταυθοῖ
1187 1214 1426 1269 πεμφθείσῃ
1458 1214 1515 1271 τῷ
1537 1215 1731 1254 Παλαισ-

256 1274 402 1336 Ολόγῳ
430 1281 624 1331 πολεμεῖν
656 1276 867 1331 συμμίξας
890 1280 1088 1335 στρατιᾷ,
1128 1277 1298 1319 ἐπέθετο
1321 1283 1407 1334 τοῖς
1436 1278 1481 1319 ἐν
1507 1278 1560 1333 τῇ
1582 1274 1730 1319 ‘Podo—

287 1360 359 1399 πῃ.
399 1341 576 1398 δρῶντες
607 1344 654 1384 δὲ
679 1342 719 1384 οἱ
746 1345 791 1385 ἒν
822 1348 916 1393 ταῖς
938 1343 1084 1385 πόλεσι
1108 1343 1205 1392 τούς
1226 1358 1270 1385 τε
1295 1339 1469 1399 ἀγρότας
1492 1344 1729 1396 ἐκπολεμω-

285 1408 437 1457 θέντας
459 1407 598 1457 αὐτοῖς
618 1406 728 1461 ὅμοῦ
749 1408 910 1458 πάντας
933 1407 1007 1449 καί
1027 1405 1101 1463 τὴν
1129 1406 1327 1464 στρατιὰν
1355 1409 1629 1463 ἐπικειμένην,
1657 1402 1730 1449 καί

286 1471 495 1522 δείσαντες
522 1471 581 1528 μὴ
607 1490 678 1515 και
709 1490 790 1515 των
814 1472 932 1516 ε’νδον
957 1471 1198 1515 ἀπόλωνται
1228 1472 1567 1526 στασιασάντων,
1593 1489 1779 1526 μετα-αα

284 1536 480 1590 βαλόντες
498 1539 762 1594 προσέθεντο
794 1540 850 1597 τῷ
871 1540 948 1596 νέῳ
975 1541 1150 1592 βασιλεῖ.
1180 1555 1250 1580 και
1273 1539 1476 1593 δήσαντες
1500 1536 1571 1581 τὸν
1592 1554 1725 1594 στρα-

283 1600 406 1657 τηγὸν
437 1599 550 1656 εἶχον
573 1605 618 1645 ἑν
646 1605 839 1660 φρουρᾷ,
870 1619 995 1658 αχρις
1017 1598 1067 1644 ἂν
1088 1603 1111 1643 ὅ
1138 1601 1337 1656 βασιλεὺς
1361 1602 1598 1656 πυθομενος
1627 1606 1726 1660 περι

284 1666 420 1708 αυτοῦ
443 1669 588 1723 ψῆφον
613 1668 766 1724 ἐνέγκῃ.
806 1666 932 1708 αυτοι
955 1669 982 1708 δ
988 1670 1000 1686 ’
1024 1663 1113 1720 ἅμα
1133 1666 1371 1725 Συρμπάνω
1401 1662 1501 1722 ηκον
1519 1684 1578 1720 ως
1601 1671 1724 1723 βασι-

283 1731 383 1784 λέα,
423 1730 463 1772 οἱ
486 1734 566 1784 μὲν
601 1731 913 1786 ἀποληψόμενοι
941 1731 1043 1788 γέρα
1074 1733 1147 1787 τῆς
1173 1733 1232 1782 εἷς
1258 1731 1389 1775 αὕτὸν
1417 1733 1591 1782 ἐννοίας·
1630 1729 1723 1776 ὅσοι

282 1833 337 1867 vit
361 1833 640 1879 missionemque
665 1832 768 1867 dedit
795 1830 970 1866 exercitui
989 1857 998 1874 ‚
1035 1833 1136 1866 mille
1160 1831 1258 1878 apud
1278 1843 1315 1867 se
1335 1834 1512 1869 retentis.
1517 1832 1721 1870 mandans
1770 1857 1771 1861 =

281 1880 338 1912 uti
374 1881 573 1924 praefinitis
610 1879 757 1919 diebus,
806 1890 1019 1925 quamquam
1056 1891 1130 1913 non
1167 1881 1350 1922 arcessiti,
1385 1891 1506 1913 rursus
1540 1880 1718 1915 adessent.

281 1924 416 1959 'Verum
438 1938 585 1970 maguus
606 1924 896 1970 stratopedarcha
927 1926 1169 1970 Palaeologus„
1193 1925 1384 1970 Rhodopes
1409 1926 1719 1971 praefecturarum

283 1970 382 2012 dux,
410 1973 563 2006 creditas
590 1972 662 2004 sibi
687 1972 792 2006 urbes
814 1983 934 2004 omnes
961 1972 1250 2017 exercitumque,
1287 1978 1328 2005 ut
1354 1983 1461 2016 supra
1487 1971 1712 2006 demonstra-

281 2018 424 2059 vimus,
449 2030 469 2051 a
490 2019 633 2051 iuniore
652 2018 698 2051 ad
723 2019 901 2051 seniorem
924 2019 1177 2062 imperatorem
1195 2023 1355 2051 avertere
1386 2023 1422 2051 et
1439 2017 1485 2051 ad
1514 2017 1621 2053 huius
1645 2019 1714 2053 ob-

282 2064 449 2107 sequium
483 2065 656 2097 inclinare
695 2064 839 2108 potuit:
886 2075 999 2096 unum
1034 2069 1155 2096 autem
1189 2064 1371 2108 quendam
1403 2075 1532 2109 genere
1565 2065 1716 2106 Dacum,
1747 2088 1751 2092 -

280 2111 504 2153 pecuarium,
531 2111 764 2154 Syrmpanum
780 2111 937 2150 nomine,
958 2110 1110 2142 fortunis
1138 2114 1304 2148 exutum,
1338 2110 1437 2155 quod
1463 2113 1588 2156 nepoti
1615 2112 1716 2146 fave-

282 2160 355 2195 ret,
390 2161 582 2201 postquam
608 2167 714 2200 saepe
749 2156 851 2188 illum
890 2155 1066 2189 fustuario
1095 2156 1285 2197 multavit,
1321 2156 1412 2190 duos
1444 2157 1551 2190 etiam
1586 2157 1714 2192 dentes

281 2201 453 2235 radicitus
479 2203 635 2235 excussit
652 2202 903 2247 maxillamque
923 2202 1016 2234 ferro
1037 2202 1205 2236 candenti
1234 2201 1449 2236 inurendam
1469 2205 1616 2245 curavit,
1646 2206 1716 2238 nec

283 2258 365 2280 eum
387 2254 506 2281 tamen
522 2260 541 2281 a
563 2248 633 2281 fide
655 2254 893 2282 transversum
922 2259 1024 2292 agere
1057 2248 1195 2289 valuit,
1229 2258 1309 2281 cum
1335 2249 1486 2282 manicis
1521 2250 1560 2283 in
1591 2255 1713 2284 custo-

282 2292 377 2326 diam
403 2295 512 2328 dedit.
562 2294 650 2328 Inde
673 2305 752 2328 cum
783 2293 977 2340 aliquando
999 2296 1180 2338 effugisset
1205 2294 1367 2340 aliosque
1398 2301 1580 2339 pastores,
1606 2297 1713 2330 armis

279 2340 501 2374 militaribus
526 2339 661 2381 nudos,
687 2352 814 2386 magno
837 2340 907 2372 sibi
933 2352 1084 2373 numero
1102 2341 1306 2382 ascivisset,
1331 2345 1372 2375 et
1392 2342 1504 2386 copiis
1524 2342 1569 2375 ad
1587 2342 1712 2376 Palae-

280 2387 424 2431 ologum
447 2388 685 2420 coercendum
707 2399 748 2420 eo
781 2387 898 2418 missis
930 2398 967 2419 se
1002 2387 1275 2428 immiscuisset,
1301 2387 1340 2419 in
1366 2386 1595 2432 Rhodopeios
1618 2388 1713 2422 fere-

279 2431 398 2468 batur.
435 2433 509 2478 Qui
534 2439 635 2466 erant
655 2434 694 2465 in
720 2432 877 2477 oppidis,
902 2438 1089 2466 cernentes
1113 2438 1275 2476 agrestes
1299 2433 1484 2467 universos
1516 2439 1640 2467 contra
1672 2445 1710 2468 se

280 2480 501 2533 conspiratos
526 2484 562 2512 et
579 2479 774 2512 instantem
792 2480 1015 2523 imperatoris
1035 2478 1229 2512 exercitum
1243 2504 1252 2519 ,
1277 2479 1519 2525 timentesque
1537 2491 1584 2512 ne
1610 2481 1709 2513 inte-

280 2525 375 2559 stina
407 2525 586 2559 seditione
613 2526 767 2559 excitata
795 2536 937 2569 pessum
969 2525 1087 2565 irent,
1119 2530 1333 2558 commutata
1357 2526 1537 2558 sententia
1560 2525 1606 2559 ad
1627 2537 1709 2560 eum

280 2582 319 2604 se
366 2573 596 2605 contulerunt
621 2572 854 2615 vinctumque
888 2571 1014 2604 ducem
1050 2571 1091 2604 in
1120 2570 1282 2604 custodia
1311 2570 1450 2604 tamdiu
1490 2570 1708 2614 habuerunt,

279 2618 412 2663 quoad,
433 2629 471 2652 re
492 2618 689 2658 intellecta,
702 2617 898 2662 imperator
917 2616 962 2650 de
978 2628 1020 2650 eo
1032 2621 1167 2651 certum
1185 2622 1375 2650 statueret:
1403 2617 1472 2661 ipsi
1497 2628 1578 2650 cum
1587 2618 1708 2662 Syrm-

278 2675 373 2708 pano
392 2664 438 2698 ad
464 2664 568 2696 illum
592 2663 746 2708 profecti
768 2666 873 2706 sunt;
896 2674 977 2708 pars
1003 2668 1045 2696 ut
1070 2664 1265 2708 praestitae
1294 2662 1571 2696 benevolentiae
1601 2675 1706 2709 prae-

277 2710 389 2745 mium
417 2709 696 2757 adipisceretur:
722 2713 902 2756 quotquot
940 2713 1060 2743 autem
1094 2720 1116 2742 ιι
1143 2709 1286 2744 seniore
1315 2709 1417 2755 prius
1449 2708 1631 2754 fecerant,
1663 2715 1706 2746 ut
