1832 3138
321 83 392 150 54
843 96 1214 142 CANTACUZEM

121 212 163 254 A
179 212 215 246 c
234 203 392 255 132011'7'9
418 199 641 253 συγκλήτου
666 198 740 239 και
758 195 857 247 τούς
883 197 928 239 έν
954 198 1062 239 τέλει
1088 198 1132 239 ἔν
1153 197 1271 254 δεινῶ
1298 199 1537 250 τιθεμένους
1549 199 1629 260 τήν
1653 203 1739 250 τῶν
1781 214 1787 218 ’

314 264 517 319 βασιλέων
538 259 744 316 ὃιαφοραν
756 277 824 303 και
841 263 975 303 κακῶν
998 259 1179 318 νιφὰὃας
1196 263 1253 321 τιὸ
1267 263 1389 320 κοινιῦ
1405 265 1487 306 τῶν
1509 264 1738 319 Ῥωμαίων

317 329 368 370 ου’
389 325 556 381 μετρίας
579 326 909 380 προσδοκοῧντας
928 326 1002 368 καί
1018 327 1115 381 περι
1144 324 1298 370 τούτων
1321 325 1425 383 πρὸς
1449 327 1649 389 ἀλλήλους
1671 331 1741 374 οἷοι

316 390 639 444 διαλεγομένους,
660 391 732 431 και
747 385 1092 446 προσδοκιμους”
1068 405 1190 438 οντας
1209 405 1276 434 και
1295 393 1463 443 βασιλεῖ
1475 393 1739 447 διαλέξεσθαι.
1788 420 1790 423 v

313 471 409 511 περι
436 456 511 495 τοῦ
537 451 596 509 μὴ
627 455 713 496 δεῖν
739 453 1027 529 νεωτερίζειν,
1033 450 1125 501 ἀλλ’
1152 455 1224 514 ε’ᾷν
1251 451 1325 496 τὸν
1354 453 1515 510 ἔγγονον
1539 457 1612 500 ἔπι
1633 454 1766 514 axvj-5

312 534 444 572 ματος
470 514 588 571 εἶναι,
618 534 674 567 ως
699 516 890 572 μεγάλων
916 519 1050 560 κακῶν
1078 517 1213 573 αιτίας
1240 519 1434 575 ἐσομένης
1457 521 1530 568 και
1553 524 1742 578 ταραχῆς

275 595 306 628 D
319 585 392 639 τῆς
408 580 600 638 τοιαύτης
622 581 926 638 ἐπιχειρήσεως,
942 582 1033 630 ἐπει
1047 581 1161 635 ἔδοξε
1181 590 1392 640 καρτερεῖν
1408 582 1456 627 τὸ
1474 586 1665 640 μέλλον’
1636 602 1741 630 απο-

314 648 520 705 ,θήσεσθαι
547 649 817 700 σκοποῦντας,
845 650 1187 699 εξαποστέλλουσι
1214 646 1315 704 πρὸς
1343 649 1507 711 Θράκην
1531 649 1604 694 τὸν
1629 653 1742 708 Συρ-

313 730 479 769 γιαννην
507 715 579 768 τῆς
607 713 741 768 αρχῆς
768 711 1135 768 ἐπιμελησόμενον,
1164 715 1286 756 αυτοι
1310 715 1357 756 δὲ
1383 718 1739 791 προσεκαρτέρουν

313 782 361 838 τῇ
390 776 723 825 Κωνσταντίνου.
778 778 823 821 ἐν
850 776 1011 827 τούτοις
1045 778 1091 820 δὲ
1118 794 1202 823 τιον
1228 778 1484 835 πραγμάτων
1509 795 1664 836 οντων,
1715 779 1795 824 ὅιο

314 847 444 899 μέγας
475 844 740 892 κονοσταῦλος
768 839 948 897 Μιχαὴλ
976 839 998 883 ὅ
1033 844 1248 898 Τορνίκης,
1291 842 1497 900 μητρόθεν
1530 846 1611 899 μὲν
1635 845 1742 897 κατὰ

313 911 427 964 γένος
450 907 662 964 προσήκων
681 907 738 964 τῶ
760 907 1026 966 πρεσβυτέρα)
1048 923 1131 948 των
1151 909 1369 961 βασιλέων,
1397 906 1470 950 και
1492 911 1645 969 πολλῆς
1670 908 1742 956 εὖ-

313 973 478 1027 μενείας
500 970 717 1014 ἀπολαύων
741 974 840 1027 παρ’
864 967 979 1030 αὖτῶ
979 988 1066 1050 5mm
1088 973 1208 1027 τιμῆς
1232 987 1278 1013 ου
1301 972 1429 1026 μόνον
1451 973 1522 1017 διὰ
1541 972 1619 1031 τήν
1641 991 1742 1031 avy-

314 1040 485 1092 γένειαν,
509 1037 599 1078 ἀλλ’
621 1033 682 1078 ὅτι
703 1053 771 1078 και
796 1032 946 1092 φρενὸς
968 1052 1020 1090 ην
1040 1036 1216 1089 βαθείας
1237 1053 1308 1079 και
1329 1053 1426 1087 τους
1443 1037 1619 1116 τρόπους
1637 1039 1741 1095 ἄγα-

315 1101 395 1152 θὸς
417 1105 488 1144 καί
507 1100 611 1158 πρὸς
632 1099 706 1149 τὰς
724 1102 929 1155 ἐπαρχίας
947 1117 1007 1142 ων
1028 1096 1138 1156 ηρξε,
1167 1101 1371 1154 βασιλέως
1390 1098 1588 1157 διδόντος,
1622 1106 1798 1157 εὐνα-15

215 1179 252 1214 Ρ.
265 1178 310 1216 37
318 1165 506 1220 μώτατος
524 1165 597 1208 καί
614 1165 936 1214 σπουδαιότατος
959 1164 1108 1225 ἐφάνη,
1133 1160 1247 1221 οὗτος
1266 1164 1316 1221 δὴ
1338 1168 1388 1224 τῇ
1400 1167 1511 1225 ,πρὸς
1526 1166 1653 1211 αὗτόν
1671 1165 1742 1212 εὗ-

315 1231 456 1291 μενείᾳ
482 1234 559 1273 τοῦ
583 1233 786 1286 βασιλέως
820 1229 1065 1286 θαρῤήσας,
1113 1233 1324 1286 προσῆλθέ
1353 1248 1398 1275 τε
1436 1231 1510 1282 καὶ
1545 1234 1741 1289 διελέχθη

316 1294 458 1352 κρύφα
484 1299 580 1352 περὶ
603 1297 805 1350 βασιλέως
829 1297 905 1337 τοῦ
933 1296 1041 1348 νέου,
1070 1294 1116 1337 τὸ
1137 1291 1289 1338 ἄτοπον
1310 1295 1367 1346 ὥς
1387 1295 1495 1348 εἰκὸς
1515 1299 1598 1341 τῶν
1617 1301 1742 1352 μελε-,-

316 1363 510 1414 τωμένων
535 1359 792 1414 ὑποδεικνὺς,
820 1360 893 1402 καί
918 1360 976 1410 ὥς
1002 1361 1164 1405 πολλῶν
1191 1359 1326 1403 ἔσοιτο
1353 1364 1580 1418 συμφορῶν
1607 1362 1741 1406 αἴτιον

313 1428 366 1482 τῇ
391 1427 580 1485 βασιλείᾳ
601 1425 833 1479 Ῥωμαίων,
862 1420 914 1467 c'iv
941 1441 989 1468 τε
1012 1427 1266 1482 κατορθωθῇ
1291 1425 1338 1467 τὸ
1362 1425 1656 1481 μελετώμενον,
1687 1422 1796 1477 ἄνια

314 1506 360 1536 τε
384 1489 454 1546 μή.
483 1489 530 1531 τὸ
555 1491 594 1532 δ’
613 1489 715 1532 αὐτὸ
742 1493 865 1532 τοῦτο
894 1489 966 1531 καί
987 1489 1225 1545 Μετοχίτης
1244 1493 1462 1547 λογοθέτης
1483 1489 1507 1534 ὅ
1524 1494 1665 1549 μέγας,
1695 1489 1741 1542 ὃς

316 1554 548 1613 μεσιτεύων
583 1557 663 1608 μὲν
700 1554 794 1597 τότε
819 1556 873 1612 τῇ
899 1554 1097 1609 διοικήσει
1124 1556 1206 1597 τῶν
1240 1557 1465 1609 βασιλικῶν
1491 1554 1740 1614 πραγμάτων

412 1644 463 1666 ιι.
497 1633 748 1673 κονοσταῦλος
784 1644 828 1671 ex
862 1637 1021 1672 nostrate
1056 1633 1229 1673 vocabulo
1261 1634 1485 1678 conestable3
1527 1634 1573 1674 al,
1606 1633 1740 1669 dicitur

407 1678 690 1715 κοντοσταῦλος.
713 1680 792 1720 ΕΒ.
820 1679 862 1714 Ρ.
1256 1702 1257 1705 =

318 1756 407 1791 quos
433 1750 508 1778 tum
538 1757 722 1789 proceres,
759 1750 836 1779 tum
866 1746 1090 1790 magistratus
1121 1744 1272 1779 dissidio
1307 1746 1562 1791 imperatorum
1588 1746 1739 1792 graviter

318 1790 472 1832 offendi,
515 1791 828 1837 calamitatumque
866 1791 1094 1827 densissimos
1130 1791 1261 1827 imbres
1293 1793 1471 1831 communi
1501 1793 1739 1831 Romanorum

317 1836 405 1872 inde
444 1842 624 1878 metuere,
665 1843 702 1870 et
725 1848 782 1870 eas
809 1837 942 1871 crebris
974 1848 1147 1882 usurpare
1178 1838 1420 1879 sermonibus,
1449 1838 1737 1893 exspectarique,

318 1887 361 1915 ut
390 1882 500 1916 iidem
526 1894 605 1915 cum
629 1885 844 1938 imperatore
872 1888 1038 1928 agerent,
1071 1895 1117 1916 ne
1142 1883 1229 1928 quid
1252 1885 1337 1917 novi
1375 1890 1412 1917 et
1446 1884 1611 1919 inusitati
1635 1885 1737 1917 ince-

314 1934 451 1973 ptaret.
483 1928 546 1962 sed
568 1931 694 1973 nepoti
720 1934 928 1962 ornamenta
952 1930 1180 1973 imperatoria
1203 1931 1444 1973 permitteret3
1476 1929 1574 1975 quod
1601 1929 1738 1975 alioqui

317 1976 458 2008 molitio
485 1976 578 2009 senis
604 1976 804 2019 ingentium
830 1974 1138 2014 incommodorum
1161 1986 1201 2010 ac
1221 1982 1382 2009 motuum
1406 1976 1527 2014 futura
1547 1980 1640 2008 esset
1659 1986 1739 2008 ma·-

319 2022 429 2060 teria,
463 2020 662 2054 durandum
690 2027 726 2054 et
801 2033 820 2055 o
855 2032 909 2054 res
937 2020 1103 2058 evaderet
1126 2021 1383 2054 observandum
1411 2032 1486 2054 csse
1510 2027 1735 2055 censuerunt.

316 2066 443 2121 Itaque
470 2067 664 2110 Syrgianne
697 2068 736 2099 in
748 2032 950 2102 qThraciam
973 2066 1017 2099 ad
1050 2068 1293 2111 praefecturae
1317 2078 1400 2100 suae
1423 2078 1550 2100 munus
1577 2067 1738 2108 dimisso,

313 2113 425 2148 ceteri
447 2111 758 2157 Constantinopoli
782 2112 929 2146 haerere
953 2118 1190 2157 perseverant.
1238 2114 1279 2146 In
1310 2113 1380 2151 hoc
1401 2124 1519 2147 rerum
1542 2118 1636 2149 statu
1659 2124 1736 2146 ma-

314 2169 401 2202 gnus
431 2159 673 2197 contostaulus
706 2158 864 2193 Michael
887 2159 1058 2196 'fornices
1092 2158 1171 2204 (qui
1195 2165 1357 2193 materno
1385 2170 1513 2203 genere
1538 2159 1736 2204 imperato-

312 2214 387 2242 rem
420 2205 598 2242 seniorem
623 2204 841 2249 attingebat,
879 2215 945 2237 nec
967 2210 1186 2260 postremum
1211 2205 1342 2249 gratiae
1367 2210 1403 2240 et
1429 2205 1654 2241 auctoritatis
1676 2206 1735 2239 lo—

312 2261 392 2288 cum
417 2250 511 2294 apud
536 2261 616 2282 eum
643 2250 809 2291 tenebat,
847 2262 920 2284 non
945 2255 1085 2287 tantum
1112 2252 1198 2296 quia
1222 2257 1409 2296 cognatus,
1446 2250 1510 2284 sed
1546 2251 1630 2296 quia
1660 2262 1735 2291 non

310 2296 445 2340 vulgari
470 2295 673 2339 prudentia,
700 2302 736 2329 et
760 2307 897 2330 morum
921 2296 1103 2340 probitate
1135 2297 1313 2342 egregius,
1350 2303 1459 2343 atque
1484 2309 1505 2330 a
1521 2297 1734 2352 provinciis,

311 2353 399 2386 quas
435 2341 656 2386 imperatoris
692 2354 859 2380 concessu
899 2342 1180 2384 administrarat,
1223 2344 1413 2388 aequitatis
1451 2349 1488 2377 et
1519 2343 1736 2388 integritatis

314 2386 458 2424 laudem
478 2388 662 2420 maximam
679 2388 935 2434 reportaverat)
960 2387 1020 2422 hic
1044 2390 1153 2433 igitur
1182 2389 1292 2422 fretus
1314 2401 1354 2423 ea
1375 2390 1504 2437 gratia,
1543 2391 1619 2435 qua
1635 2390 1735 2422 vale-

316 2432 399 2473 bat,
432 2434 522 2471 clam
553 2435 634 2467 aliis
669 2434 714 2467 ad
745 2435 994 2479 imperatorem
1021 2436 1190 2475 accessit,
1234 2441 1271 2469 et
1302 2447 1381 2468 cum
1409 2447 1450 2473 eo
1476 2446 1581 2480 super
1603 2440 1737 2479 nepote

316 2479 524 2520 collocutus,
560 2492 666 2525 quam
699 2481 817 2514 aliena
844 2493 864 2513 a
895 2481 1032 2514 ratione
1055 2485 1229 2521 tentaret,
1264 2493 1338 2516 non
1362 2483 1540 2515 immerito
1565 2481 1735 2523 ostendit,

315 2536 491 2570 quamque
523 2526 632 2561 varias
666 2528 705 2563 in
737 2527 926 2571 imperium
950 2527 1144 2560 Romanum
1178 2527 1398 2566 calamitates
1422 2526 1626 2568 inveheret,
1663 2528 1739 2560 sive

312 2571 486 2611 meditata
509 2571 685 2612 feliciter,
720 2573 792 2605 sive
814 2579 936 2606 contra
952 2573 1058 2613 irent,
1083 2572 1348 2610 demonstravit
1395 2573 1437 2606 Id
1460 2574 1577 2618 ipsum
1600 2578 1637 2606 et
1659 2585 1736 2606 ma—

315 2628 403 2660 gnus
428 2617 610 2662 logotheta
633 2618 846 2652 Metochites
870 2620 1073 2662 praestitit,
1101 2620 1164 2665 qui
1192 2623 1268 2652 tum
1288 2615 1433 2652 domum
1459 2621 1738 2664 imperatoriam,

317 2663 391 2704 sive
415 2664 531 2707 aulam
556 2664 721 2717 regebat,
746 2665 800 2704 vir
823 2665 959 2712 alioqui
982 2665 1104 2714 solers!
1131 2670 1167 2706 et
1190 2677 1264 2707 nou
1287 2665 1499 2707 Christianis
1524 2664 1649 2708 modo,
1674 2664 1737 2706 set}
