<?xml version="1.0" encoding="UTF-8"?>
<!DOCTYPE html PUBLIC "-//W3C//DTD XHTML 1.0 Transitional//EN"
    "http://www.w3.org/TR/xhtml1/DTD/xhtml1-transitional.dtd">
<html xmlns="http://www.w3.org/1999/xhtml" xml:lang="en" lang="en">
 <head>
  <title>
</title>
<meta http-equiv="Content-Type" content="text/html;charset=utf-8" />
  <meta name='ocr-system' content='tesseract 3.04.00' />
  <meta name='ocr-capabilities' content='ocr_page ocr_carea ocr_par ocr_line ocrx_word'/>
</head>
<body>
  <div class='ocr_page' id='page_1' title='image "./corpusscriptorum23niebuoft_0108.png"; bbox 0 0 1832 3138; ppageno 0'>
   <div class='ocr_carea' id='block_1_1' title="bbox 351 93 1246 150">
    <p class='ocr_par' dir='ltr' id='par_1_1' title="bbox 351 93 1246 150">
     <span class='ocr_line' id='line_1_1' title="bbox 351 93 1246 150; baseline 0 -2"><span class='ocrx_word' id='word_1_1' title='bbox 351 93 424 149; x_wconf 80' lang='lat'><strong>66</strong></span> <span class='ocrx_word' id='word_1_2' title='bbox 875 105 1246 150; x_wconf 68' lang='lat' dir='ltr'>CANTACUZENJ</span> 
     </span>
    </p>
   </div>
   <div class='ocr_carea' id='block_1_2' title="bbox 155 201 1815 1763">
    <p class='ocr_par' dir='ltr' id='par_1_2' title="bbox 155 201 1815 398">
     <span class='ocr_line' id='line_1_2' title="bbox 155 201 1784 266; baseline 0.002 -14"><span class='ocrx_word' id='word_1_3' title='bbox 155 218 235 257; x_wconf 80' lang='lat' dir='ltr'><strong>A.c.</strong></span> <span class='ocrx_word' id='word_1_4' title='bbox 254 221 332 258; x_wconf 77' lang='lat'><strong>1321</strong></span> <span class='ocrx_word' id='word_1_5' title='bbox 347 210 488 266; x_wconf 75' lang='grc' dir='ltr'><strong><em>χωρῶ·</em></strong></span> <span class='ocrx_word' id='word_1_6' title='bbox 505 204 594 251; x_wconf 82' lang='grc' dir='ltr'><strong><em>ἀλλ’</em></strong></span> <span class='ocrx_word' id='word_1_7' title='bbox 610 207 649 250; x_wconf 84' lang='grc' dir='ltr'><strong>εἴ</strong></span> <span class='ocrx_word' id='word_1_8' title='bbox 665 207 742 261; x_wconf 74' lang='grc' dir='ltr'><strong>μὲν</strong></span> <span class='ocrx_word' id='word_1_9' title='bbox 764 204 837 249; x_wconf 80' lang='grc' dir='ltr'><em>καί</em></span> <span class='ocrx_word' id='word_1_10' title='bbox 846 201 973 259; x_wconf 74' lang='grc' dir='ltr'><strong><em>αὖθις</em></strong></span> <span class='ocrx_word' id='word_1_11' title='bbox 987 209 1159 263; x_wconf 82' lang='grc' dir='ltr'><strong><em>γένοιτο,</em></strong></span> <span class='ocrx_word' id='word_1_12' title='bbox 1177 208 1282 250; x_wconf 75' lang='grc' dir='ltr'><strong><em>θεοῦ</em></strong></span> <span class='ocrx_word' id='word_1_13' title='bbox 1304 207 1504 262; x_wconf 86' lang='grc' dir='ltr'><strong><em>διδόντος,</em></strong></span> <span class='ocrx_word' id='word_1_14' title='bbox 1525 208 1720 266; x_wconf 67' lang='grc' dir='ltr'><strong><em>ἀλλήλοις</em></strong></span> <span class='ocrx_word' id='word_1_15' title='bbox 1738 227 1784 256; x_wconf 67' lang='grc' dir='ltr'><strong>τε</strong></span> 
     </span>
     <span class='ocr_line' id='line_1_3' title="bbox 351 267 1807 333; baseline 0.001 -15"><span class='ocrx_word' id='word_1_16' title='bbox 351 275 618 329; x_wconf 76' lang='grc' dir='ltr'><em>συγγενέσθαι</em></span> <span class='ocrx_word' id='word_1_17' title='bbox 639 271 712 314; x_wconf 83' lang='grc' dir='ltr'><em>καί</em></span> <span class='ocrx_word' id='word_1_18' title='bbox 730 271 805 328; x_wconf 76' lang='grc' dir='ltr'><strong>τήν</strong></span> <span class='ocrx_word' id='word_1_19' title='bbox 833 272 1031 329; x_wconf 69' lang='grc' dir='ltr'><strong><em>ποθεινὴν</em></strong></span> <span class='ocrx_word' id='word_1_20' title='bbox 1056 271 1246 329; x_wconf 88' lang='grc' dir='ltr'><strong><em>ἀλλήλων</em></strong></span> <span class='ocrx_word' id='word_1_21' title='bbox 1266 267 1366 327; x_wconf 76' lang='grc' dir='ltr'><strong><em>ἷῖψιν</em></strong></span> <span class='ocrx_word' id='word_1_22' title='bbox 1387 274 1502 327; x_wconf 84' lang='grc' dir='ltr'><strong><em>ἰδεῖν,</em></strong></span> <span class='ocrx_word' id='word_1_23' title='bbox 1513 275 1629 333; x_wconf 66' lang='grc' dir='ltr'><strong><em>αὐτῷ</em></strong></span> <span class='ocrx_word' id='word_1_24' title='bbox 1643 276 1786 333; x_wconf 75' lang='grc' dir='ltr'><strong><em>χάρις·</em></strong></span> <span class='ocrx_word' id='word_1_25' title='bbox 1804 270 1807 275; x_wconf 47' lang='grc'><strong><em>’</em></strong></span> 
     </span>
     <span class='ocr_line' id='line_1_4' title="bbox 344 333 1815 398; baseline 0.001 -17"><span class='ocrx_word' id='word_1_26' title='bbox 344 341 432 382; x_wconf 79' lang='grc' dir='ltr'><strong><em>εἶδ’</em></strong></span> <span class='ocrx_word' id='word_1_27' title='bbox 453 336 592 393; x_wconf 76' lang='grc' dir='ltr'><strong><em>ἕτερόν</em></strong></span> <span class='ocrx_word' id='word_1_28' title='bbox 617 354 658 380; x_wconf 92' lang='grc' dir='ltr'><strong><em>τι</em></strong></span> <span class='ocrx_word' id='word_1_29' title='bbox 673 339 867 380; x_wconf 83' lang='grc' dir='ltr'><strong><em>δέδοκται</em></strong></span> <span class='ocrx_word' id='word_1_30' title='bbox 892 338 991 395; x_wconf 72' lang='grc' dir='ltr'><strong><em>περὶ</em></strong></span> <span class='ocrx_word' id='word_1_31' title='bbox 1008 339 1142 394; x_wconf 76' lang='grc' dir='ltr'><strong><em>ἡμῶν,</em></strong></span> <span class='ocrx_word' id='word_1_32' title='bbox 1165 336 1244 392; x_wconf 76' lang='grc' dir='ltr'><strong>ἐγώ</strong></span> <span class='ocrx_word' id='word_1_33' title='bbox 1253 340 1331 391; x_wconf 79' lang='grc' dir='ltr'><strong>μὲν</strong></span> <span class='ocrx_word' id='word_1_34' title='bbox 1341 338 1582 393; x_wconf 81' lang='grc' dir='ltr'><strong><em>ἀσπάζομαι</em></strong></span> <span class='ocrx_word' id='word_1_35' title='bbox 1594 333 1715 394; x_wconf 61' lang='grc' dir='ltr'><strong><em>’ὖμᾶς</em></strong></span> <span class='ocrx_word' id='word_1_36' title='bbox 1729 335 1793 398; x_wconf 38' lang='lat' dir='ltr'><strong>wi,</strong></span> <span class='ocrx_word' id='word_1_37' title='bbox 1811 335 1815 350; x_wconf 80' lang='lat'><em>‘</em></span> 
     </span>
    </p>

    <p class='ocr_par' dir='ltr' id='par_1_3' title="bbox 227 399 1817 786">
     <span class='ocr_line' id='line_1_5' title="bbox 227 399 1786 460; baseline 0.001 -13"><span class='ocrx_word' id='word_1_38' title='bbox 227 421 261 457; x_wconf 69' lang='lat' dir='ltr'><strong>p,</strong></span> <span class='ocrx_word' id='word_1_39' title='bbox 284 416 330 460; x_wconf 65' lang='grc' dir='ltr'><strong>Μ,</strong></span> <span class='ocrx_word' id='word_1_40' title='bbox 345 408 558 447; x_wconf 79' lang='grc' dir='ltr'><strong><em>τελευταῖα</em></strong></span> <span class='ocrx_word' id='word_1_41' title='bbox 579 401 629 459; x_wconf 78' lang='grc' dir='ltr'><em>δὴ</em></span> <span class='ocrx_word' id='word_1_42' title='bbox 645 405 792 445; x_wconf 78' lang='grc' dir='ltr'><strong><em>ταῦτα·</em></strong></span> <span class='ocrx_word' id='word_1_43' title='bbox 807 404 926 457; x_wconf 72' lang='grc' dir='ltr'><strong><em>ὑμεῖς</em></strong></span> <span class='ocrx_word' id='word_1_44' title='bbox 950 406 989 445; x_wconf 88' lang='grc' dir='ltr'><strong>δ’</strong></span> <span class='ocrx_word' id='word_1_45' title='bbox 999 399 1110 454; x_wconf 74' lang='grc' dir='ltr'><strong><em>ἄξιοι</em></strong></span> <span class='ocrx_word' id='word_1_46' title='bbox 1125 403 1280 459; x_wconf 81' lang='grc' dir='ltr'><strong><em>φάνητε</em></strong></span> <span class='ocrx_word' id='word_1_47' title='bbox 1302 404 1374 446; x_wconf 82' lang='grc' dir='ltr'><em>καί</em></span> <span class='ocrx_word' id='word_1_48' title='bbox 1389 404 1461 458; x_wconf 79' lang='grc' dir='ltr'><strong><em>τῆς</em></strong></span> <span class='ocrx_word' id='word_1_49' title='bbox 1485 404 1693 459; x_wconf 70' lang='grc' dir='ltr'><strong><em>εὐγενείας</em></strong></span> <span class='ocrx_word' id='word_1_50' title='bbox 1711 406 1786 450; x_wconf 79' lang='grc' dir='ltr'><strong><em>καί</em></strong></span> 
     </span>
     <span class='ocr_line' id='line_1_6' title="bbox 341 466 1808 528; baseline 0.001 -16"><span class='ocrx_word' id='word_1_51' title='bbox 341 472 417 525; x_wconf 85' lang='grc' dir='ltr'><strong><em>τῆς</em></strong></span> <span class='ocrx_word' id='word_1_52' title='bbox 438 467 650 524; x_wconf 53' lang='grc' dir='ltr'><strong><em>ἀνδρίαςΡ</em></strong></span> <span class='ocrx_word' id='word_1_53' title='bbox 679 467 770 511; x_wconf 73' lang='grc' dir='ltr'><strong>Ἐπὶ</strong></span> <span class='ocrx_word' id='word_1_54' title='bbox 797 466 960 518; x_wconf 76' lang='grc' dir='ltr'><em>τούτοις</em></span> <span class='ocrx_word' id='word_1_55' title='bbox 984 469 1234 525; x_wconf 73' lang='grc' dir='ltr'><strong><em>ἀμφοτέρων</em></strong></span> <span class='ocrx_word' id='word_1_56' title='bbox 1258 467 1808 528; x_wconf 58' lang='grc' dir='ltr'><strong><em>ἀποκρινασθαιῶρμημέ-5</em></strong></span> 
     </span>
     <span class='ocr_line' id='line_1_7' title="bbox 342 532 1782 591; baseline -0.001 -13"><span class='ocrx_word' id='word_1_57' title='bbox 342 551 448 588; x_wconf 79' lang='grc' dir='ltr'><strong><em>νων,</em></strong></span> <span class='ocrx_word' id='word_1_58' title='bbox 489 535 565 576; x_wconf 79' lang='grc' dir='ltr'><strong>τοῦ</strong></span> <span class='ocrx_word' id='word_1_59' title='bbox 600 533 968 591; x_wconf 83' lang='grc' dir='ltr'><strong><em>πρωτοστράτορος</em></strong></span> <span class='ocrx_word' id='word_1_60' title='bbox 1005 532 1268 588; x_wconf 78' lang='grc' dir='ltr'><strong><em>ἐπισχόντος,</em></strong></span> <span class='ocrx_word' id='word_1_61' title='bbox 1308 533 1340 576; x_wconf 72' lang='grc' dir='ltr'><em>ὅ</em></span> <span class='ocrx_word' id='word_1_62' title='bbox 1381 535 1512 589; x_wconf 76' lang='grc' dir='ltr'><strong><em>μέγας</em></strong></span> <span class='ocrx_word' id='word_1_63' title='bbox 1543 535 1782 589; x_wconf 76' lang='grc' dir='ltr'><strong><em>δομέστικος</em></strong></span> 
     </span>
     <span class='ocr_line' id='line_1_8' title="bbox 342 596 1782 656; baseline 0.001 -15"><span class='ocrx_word' id='word_1_64' title='bbox 342 598 437 656; x_wconf 75' lang='grc' dir='ltr'><strong><em>ἔφη·</em></strong></span> <span class='ocrx_word' id='word_1_65' title='bbox 472 601 583 654; x_wconf 65' lang='lat' dir='ltr'><strong>„miv</strong></span> <span class='ocrx_word' id='word_1_66' title='bbox 606 601 778 654; x_wconf 73' lang='grc' dir='ltr'><strong><em>λογικῶν</em></strong></span> <span class='ocrx_word' id='word_1_67' title='bbox 798 598 1030 655; x_wconf 77' lang='grc' dir='ltr'><strong><em>ἀνθρώπων</em></strong></span> <span class='ocrx_word' id='word_1_68' title='bbox 1053 596 1160 641; x_wconf 74' lang='grc' dir='ltr'><strong><em>κατὰ</em></strong></span> <span class='ocrx_word' id='word_1_69' title='bbox 1182 601 1305 641; x_wconf 76' lang='grc' dir='ltr'><strong><em>τοῦτο</em></strong></span> <span class='ocrx_word' id='word_1_70' title='bbox 1331 601 1415 642; x_wconf 73' lang='grc' dir='ltr'><strong>τῶν</strong></span> <span class='ocrx_word' id='word_1_71' title='bbox 1436 597 1607 655; x_wconf 57' lang='grc' dir='ltr'><strong><em>ἀλόγων</em></strong></span> <span class='ocrx_word' id='word_1_72' title='bbox 1631 599 1782 656; x_wconf 52' lang='grc' dir='ltr'><strong><em>ὑπερα-</em></strong></span> 
     </span>
     <span class='ocr_line' id='line_1_9' title="bbox 339 656 1766 722; baseline 0 -17"><span class='ocrx_word' id='word_1_73' title='bbox 339 663 520 718; x_wconf 86' lang='grc' dir='ltr'><strong><em>χόντων,</em></strong></span> <span class='ocrx_word' id='word_1_74' title='bbox 549 661 615 707; x_wconf 81' lang='grc' dir='ltr'><strong><em>ὅτι</em></strong></span> <span class='ocrx_word' id='word_1_75' title='bbox 641 662 746 722; x_wconf 76' lang='grc' dir='ltr'><strong><em>λόγῳ</em></strong></span> <span class='ocrx_word' id='word_1_76' title='bbox 771 663 981 720; x_wconf 78' lang='grc' dir='ltr'><strong><em>χρώμενοι</em></strong></span> <span class='ocrx_word' id='word_1_77' title='bbox 999 664 1051 706; x_wconf 80' lang='grc' dir='ltr'><strong>τὰ</strong></span> <span class='ocrx_word' id='word_1_78' title='bbox 1066 656 1211 706; x_wconf 76' lang='grc' dir='ltr'><strong><em>δέοντα</em></strong></span> <span class='ocrx_word' id='word_1_79' title='bbox 1233 663 1469 720; x_wconf 79' lang='grc' dir='ltr'><strong><em>αἱροῦνται,</em></strong></span> <span class='ocrx_word' id='word_1_80' title='bbox 1495 664 1619 720; x_wconf 63' lang='grc' dir='ltr'><strong><em>οὐδὲν</em></strong></span> <span class='ocrx_word' id='word_1_81' title='bbox 1638 664 1766 720; x_wconf 69' lang='grc' dir='ltr'><strong><em>ἀναγ-</em></strong></span> 
     </span>
     <span class='ocr_line' id='line_1_10' title="bbox 343 727 1774 786; baseline 0.002 -16"><span class='ocrx_word' id='word_1_82' title='bbox 343 728 556 786; x_wconf 87' lang='grc' dir='ltr'><strong><em>καιότερον</em></strong></span> <span class='ocrx_word' id='word_1_83' title='bbox 583 729 680 772; x_wconf 79' lang='grc' dir='ltr'><strong><em>οὐδὲ</em></strong></span> <span class='ocrx_word' id='word_1_84' title='bbox 706 728 1025 786; x_wconf 76' lang='grc' dir='ltr'><strong><em>ὠφελιμώτερον</em></strong></span> <span class='ocrx_word' id='word_1_85' title='bbox 1060 731 1137 771; x_wconf 80' lang='grc' dir='ltr'><strong>τοῦ</strong></span> <span class='ocrx_word' id='word_1_86' title='bbox 1174 729 1319 786; x_wconf 80' lang='grc' dir='ltr'><strong><em>φιλίαν</em></strong></span> <span class='ocrx_word' id='word_1_87' title='bbox 1341 727 1556 786; x_wconf 73' lang='grc' dir='ltr'><strong><em>αἱρεῖσθαι</em></strong></span> <span class='ocrx_word' id='word_1_88' title='bbox 1576 729 1774 785; x_wconf 67' lang='grc' dir='ltr'><strong><em>ἠγοῦμαι.</em></strong></span> 
     </span>
    </p>

    <p class='ocr_par' dir='ltr' id='par_1_4' title="bbox 249 789 1805 1763">
     <span class='ocr_line' id='line_1_11' title="bbox 249 789 1805 853; baseline -0.002 -13"><span class='ocrx_word' id='word_1_89' title='bbox 249 804 289 840; x_wconf 86' lang='lat' dir='ltr'><strong>V.</strong></span> <span class='ocrx_word' id='word_1_90' title='bbox 303 805 347 841; x_wconf 82' lang='lat'><strong>36</strong></span> <span class='ocrx_word' id='word_1_91' title='bbox 357 796 496 838; x_wconf 84' lang='grc' dir='ltr'><strong><em>τοίνυν</em></strong></span> <span class='ocrx_word' id='word_1_92' title='bbox 520 793 593 836; x_wconf 83' lang='grc' dir='ltr'>καί</span> <span class='ocrx_word' id='word_1_93' title='bbox 610 794 749 847; x_wconf 75' lang='grc' dir='ltr'><strong><em>αὐτὸς,</em></strong></span> <span class='ocrx_word' id='word_1_94' title='bbox 776 789 810 837; x_wconf 75' lang='grc' dir='ltr'><em>ὦ</em></span> <span class='ocrx_word' id='word_1_95' title='bbox 833 796 1009 848; x_wconf 79' lang='grc' dir='ltr'><strong><em>βασιλεῦ</em></strong></span> <span class='ocrx_word' id='word_1_96' title='bbox 1022 827 1035 847; x_wconf 87' lang='grc'><strong><em>,</em></strong></span> <span class='ocrx_word' id='word_1_97' title='bbox 1057 792 1132 849; x_wconf 78' lang='grc' dir='ltr'><strong>τήν</strong></span> <span class='ocrx_word' id='word_1_98' title='bbox 1159 792 1237 850; x_wconf 82' lang='grc' dir='ltr'><strong>σήν</strong></span> <span class='ocrx_word' id='word_1_99' title='bbox 1258 792 1402 851; x_wconf 79' lang='grc' dir='ltr'><strong><em>φιλίαν</em></strong></span> <span class='ocrx_word' id='word_1_100' title='bbox 1425 794 1471 836; x_wconf 72' lang='grc' dir='ltr'><strong>ἐκ</strong></span> <span class='ocrx_word' id='word_1_101' title='bbox 1494 793 1645 845; x_wconf 78' lang='grc' dir='ltr'><strong><em>παιδός</em></strong></span> <span class='ocrx_word' id='word_1_102' title='bbox 1665 795 1805 853; x_wconf 57' lang='grc' dir='ltr'><strong><em>«ᾖρφι</em></strong></span> 
     </span>
     <span class='ocr_line' id='line_1_12' title="bbox 350 857 1783 916; baseline -0.003 -13"><span class='ocrx_word' id='word_1_103' title='bbox 350 863 495 915; x_wconf 83' lang='grc' dir='ltr'><strong><em>μένος,</em></strong></span> <span class='ocrx_word' id='word_1_104' title='bbox 522 860 594 903; x_wconf 81' lang='grc' dir='ltr'>καί</span> <span class='ocrx_word' id='word_1_105' title='bbox 617 861 676 909; x_wconf 84' lang='grc' dir='ltr'><strong><em>εἷς</em></strong></span> <span class='ocrx_word' id='word_1_106' title='bbox 700 858 795 902; x_wconf 85' lang='grc' dir='ltr'><strong><em>τόδε</em></strong></span> <span class='ocrx_word' id='word_1_107' title='bbox 815 858 971 916; x_wconf 87' lang='grc' dir='ltr'><strong><em>χρόνου</em></strong></span> <span class='ocrx_word' id='word_1_108' title='bbox 996 857 1249 915; x_wconf 79' lang='grc' dir='ltr'><strong><em>διατηρήσας</em></strong></span> <span class='ocrx_word' id='word_1_109' title='bbox 1271 859 1575 914; x_wconf 78' lang='grc' dir='ltr'><strong><em>αὐξανομένην,</em></strong></span> <span class='ocrx_word' id='word_1_110' title='bbox 1606 860 1680 903; x_wconf 83' lang='grc' dir='ltr'>καί</span> <span class='ocrx_word' id='word_1_111' title='bbox 1706 860 1783 913; x_wconf 83' lang='grc' dir='ltr'><strong><em>με’.</em></strong></span> 
     </span>
     <span class='ocr_line' id='line_1_13' title="bbox 342 921 1782 984; baseline -0.001 -18"><span class='ocrx_word' id='word_1_112' title='bbox 342 941 418 982; x_wconf 86' lang='grc' dir='ltr'><strong><em>χρι</em></strong></span> <span class='ocrx_word' id='word_1_113' title='bbox 445 927 551 980; x_wconf 78' lang='grc' dir='ltr'><strong><em>ζωῆς</em></strong></span> <span class='ocrx_word' id='word_1_114' title='bbox 576 921 684 981; x_wconf 73' lang='grc' dir='ltr'><strong><em>ὅρων</em></strong></span> <span class='ocrx_word' id='word_1_115' title='bbox 710 925 922 981; x_wconf 73' lang='grc' dir='ltr'><strong><em>ἀκραιφνῆ</em></strong></span> <span class='ocrx_word' id='word_1_116' title='bbox 945 925 1017 966; x_wconf 82' lang='grc' dir='ltr'><em>καί</em></span> <span class='ocrx_word' id='word_1_117' title='bbox 1038 922 1229 980; x_wconf 73' lang='grc' dir='ltr'><strong><em>καθαράν</em></strong></span> <span class='ocrx_word' id='word_1_118' title='bbox 1252 923 1404 976; x_wconf 79' lang='grc' dir='ltr'><em>ἐλπίζω</em></span> <span class='ocrx_word' id='word_1_119' title='bbox 1434 922 1647 980; x_wconf 75' lang='grc' dir='ltr'><strong><em>φυλάξειν.</em></strong></span> <span class='ocrx_word' id='word_1_120' title='bbox 1672 923 1782 984; x_wconf 75' lang='grc' dir='ltr'><strong>θάρ-</strong></span> 
     </span>
     <span class='ocr_line' id='line_1_14' title="bbox 345 984 1781 1047; baseline -0.001 -13"><span class='ocrx_word' id='word_1_121' title='bbox 345 1007 410 1034; x_wconf 87' lang='grc' dir='ltr'><strong><em>σει</em></strong></span> <span class='ocrx_word' id='word_1_122' title='bbox 429 993 671 1047; x_wconf 79' lang='grc' dir='ltr'><strong><em>τοιγαροῦν,</em></strong></span> <span class='ocrx_word' id='word_1_123' title='bbox 701 984 736 1032; x_wconf 67' lang='grc' dir='ltr'><strong>αἷ</strong></span> <span class='ocrx_word' id='word_1_124' title='bbox 759 992 959 1044; x_wconf 80' lang='grc' dir='ltr'><strong><em>βασιλεῦ’,</em></strong></span> <span class='ocrx_word' id='word_1_125' title='bbox 986 989 1043 1039; x_wconf 77' lang='grc' dir='ltr'><strong><em>ὥς</em></strong></span> <span class='ocrx_word' id='word_1_126' title='bbox 1070 989 1119 1031; x_wconf 81' lang='grc' dir='ltr'><strong>οὗ</strong></span> <span class='ocrx_word' id='word_1_127' title='bbox 1149 987 1349 1046; x_wconf 90' lang='grc' dir='ltr'><strong><em>πρότερόν</em></strong></span> <span class='ocrx_word' id='word_1_128' title='bbox 1385 1004 1454 1031; x_wconf 92' lang='grc' dir='ltr'><strong><em>σοι</em></strong></span> <span class='ocrx_word' id='word_1_129' title='bbox 1474 988 1573 1032; x_wconf 77' lang='grc' dir='ltr'><strong>-τῶν</strong></span> <span class='ocrx_word' id='word_1_130' title='bbox 1598 988 1781 1046; x_wconf 82' lang='grc' dir='ltr'><strong><em>ἀβουλή-</em></strong></span> 
     </span>
     <span class='ocr_line' id='line_1_15' title="bbox 340 1051 1780 1112; baseline -0.001 -14"><span class='ocrx_word' id='word_1_131' title='bbox 340 1072 424 1098; x_wconf 86' lang='grc' dir='ltr'><strong>των</strong></span> <span class='ocrx_word' id='word_1_132' title='bbox 446 1071 487 1097; x_wconf 93' lang='grc' dir='ltr'><strong><em>τι</em></strong></span> <span class='ocrx_word' id='word_1_133' title='bbox 505 1054 775 1110; x_wconf 81' lang='grc' dir='ltr'><strong><em>συναντήσει,</em></strong></span> <span class='ocrx_word' id='word_1_134' title='bbox 808 1056 907 1112; x_wconf 72' lang='grc' dir='ltr'><strong><em>πρίν</em></strong></span> <span class='ocrx_word' id='word_1_135' title='bbox 937 1056 1012 1108; x_wconf 78' lang='grc' dir='ltr'><strong>ἐμὲ</strong></span> <span class='ocrx_word' id='word_1_136' title='bbox 1035 1060 1176 1096; x_wconf 80' lang='grc' dir='ltr'><strong><em>πεσεῖν</em></strong></span> <span class='ocrx_word' id='word_1_137' title='bbox 1210 1056 1294 1097; x_wconf 75' lang='grc' dir='ltr'><strong>τῶν</strong></span> <span class='ocrx_word' id='word_1_138' title='bbox 1332 1053 1451 1098; x_wconf 80' lang='grc' dir='ltr'><strong><em>ἰδίων</em></strong></span> <span class='ocrx_word' id='word_1_139' title='bbox 1482 1051 1674 1108; x_wconf 75' lang='grc' dir='ltr'><strong><em>αἱμάτων</em></strong></span> <span class='ocrx_word' id='word_1_140' title='bbox 1705 1055 1780 1107; x_wconf 80' lang='grc' dir='ltr'><strong>ἔμ-</strong></span> 
     </span>
     <span class='ocr_line' id='line_1_16' title="bbox 312 1114 1798 1176; baseline -0.002 -13"><span class='ocrx_word' id='word_1_141' title='bbox 312 1122 631 1176; x_wconf 80' lang='grc' dir='ltr'><strong><em>Βπεπλησμένον</em></strong></span> <span class='ocrx_word' id='word_1_142' title='bbox 653 1149 666 1162; x_wconf 89' lang='grc'><strong>.</strong></span> <span class='ocrx_word' id='word_1_143' title='bbox 700 1118 754 1163; x_wconf 77' lang='grc' dir='ltr'><strong><em>σύ</em></strong></span> <span class='ocrx_word' id='word_1_144' title='bbox 776 1123 855 1175; x_wconf 79' lang='grc' dir='ltr'><strong>μὲν</strong></span> <span class='ocrx_word' id='word_1_145' title='bbox 883 1114 955 1163; x_wconf 78' lang='grc' dir='ltr'><strong>οὖν</strong></span> <span class='ocrx_word' id='word_1_146' title='bbox 989 1119 1089 1174; x_wconf 79' lang='grc' dir='ltr'><strong><em>ἔχου</em></strong></span> <span class='ocrx_word' id='word_1_147' title='bbox 1112 1122 1188 1176; x_wconf 83' lang='grc' dir='ltr'><strong><em>τῆς</em></strong></span> <span class='ocrx_word' id='word_1_148' title='bbox 1207 1121 1475 1176; x_wconf 80' lang='grc' dir='ltr'><strong><em>προκειμένης</em></strong></span> <span class='ocrx_word' id='word_1_149' title='bbox 1502 1117 1604 1162; x_wconf 79' lang='grc' dir='ltr'><strong>ὃδοῦ</strong></span> <span class='ocrx_word' id='word_1_150' title='bbox 1625 1121 1674 1176; x_wconf 79' lang='grc' dir='ltr'><strong>τῇ</strong></span> <span class='ocrx_word' id='word_1_151' title='bbox 1699 1136 1798 1168; x_wconf 63' lang='grc' dir='ltr'><strong><em>ποι-ι</em></strong></span> 
     </span>
     <span class='ocr_line' id='line_1_17' title="bbox 343 1184 1780 1243; baseline -0.003 -13"><span class='ocrx_word' id='word_1_152' title='bbox 343 1186 397 1242; x_wconf 79' lang='grc' dir='ltr'><strong>ρὰ</strong></span> <span class='ocrx_word' id='word_1_153' title='bbox 417 1189 494 1229; x_wconf 82' lang='grc' dir='ltr'><strong>τοῦ</strong></span> <span class='ocrx_word' id='word_1_154' title='bbox 514 1187 700 1243; x_wconf 78' lang='grc' dir='ltr'><strong><em>σωτῆρος</em></strong></span> <span class='ocrx_word' id='word_1_155' title='bbox 711 1188 905 1242; x_wconf 78' lang='grc' dir='ltr'><strong><em>Χριστοῦ</em></strong></span> <span class='ocrx_word' id='word_1_156' title='bbox 929 1188 1000 1228; x_wconf 84' lang='grc' dir='ltr'><em>καί</em></span> <span class='ocrx_word' id='word_1_157' title='bbox 1023 1187 1098 1241; x_wconf 82' lang='grc' dir='ltr'><strong><em>τῆς</em></strong></span> <span class='ocrx_word' id='word_1_158' title='bbox 1121 1184 1251 1228; x_wconf 76' lang='grc' dir='ltr'><strong><em>αὐτὸν</em></strong></span> <span class='ocrx_word' id='word_1_159' title='bbox 1277 1184 1475 1241; x_wconf 77' lang='grc' dir='ltr'><strong><em>τεκούσης</em></strong></span> <span class='ocrx_word' id='word_1_160' title='bbox 1494 1184 1683 1243; x_wconf 68' lang='grc' dir='ltr'><strong><em>βοηθείᾳ,</em></strong></span> <span class='ocrx_word' id='word_1_161' title='bbox 1713 1185 1780 1226; x_wconf 82' lang='grc' dir='ltr'><strong><em>ἔτι</em></strong></span> 
     </span>
     <span class='ocr_line' id='line_1_18' title="bbox 341 1248 1776 1307; baseline -0.003 -12"><span class='ocrx_word' id='word_1_162' title='bbox 341 1254 389 1295; x_wconf 81' lang='grc' dir='ltr'><strong>δὲ</strong></span> <span class='ocrx_word' id='word_1_163' title='bbox 414 1250 486 1294; x_wconf 86' lang='grc' dir='ltr'>καί</span> <span class='ocrx_word' id='word_1_164' title='bbox 514 1256 609 1300; x_wconf 82' lang='grc' dir='ltr'><strong><em>ταῖς</em></strong></span> <span class='ocrx_word' id='word_1_165' title='bbox 631 1251 776 1305; x_wconf 77' lang='grc' dir='ltr'><strong><em>εὐχαῖς</em></strong></span> <span class='ocrx_word' id='word_1_166' title='bbox 812 1253 888 1293; x_wconf 82' lang='grc' dir='ltr'><strong>τοῦ</strong></span> <span class='ocrx_word' id='word_1_167' title='bbox 907 1249 987 1307; x_wconf 86' lang='grc' dir='ltr'><strong>πρὸ</strong></span> <span class='ocrx_word' id='word_1_168' title='bbox 1022 1252 1176 1306; x_wconf 79' lang='grc' dir='ltr'><strong><em>μικροῦ</em></strong></span> <span class='ocrx_word' id='word_1_169' title='bbox 1197 1248 1312 1307; x_wconf 72' lang='grc' dir='ltr'><strong><em>παρὰ</em></strong></span> <span class='ocrx_word' id='word_1_170' title='bbox 1339 1251 1546 1304; x_wconf 83' lang='grc' dir='ltr'><strong><em>βασιλέως</em></strong></span> <span class='ocrx_word' id='word_1_171' title='bbox 1570 1249 1776 1292; x_wconf 83' lang='grc' dir='ltr'><strong><em>ἀπεσταλ-</em></strong></span> 
     </span>
     <span class='ocr_line' id='line_1_19' title="bbox 339 1309 1778 1374; baseline -0.002 -15"><span class='ocrx_word' id='word_1_172' title='bbox 339 1320 468 1371; x_wconf 81' lang='grc' dir='ltr'><strong><em>μένου</em></strong></span> <span class='ocrx_word' id='word_1_173' title='bbox 492 1318 801 1371; x_wconf 82' lang='grc' dir='ltr'><strong><em>τετειχισμένος.</em></strong></span> <span class='ocrx_word' id='word_1_174' title='bbox 822 1317 942 1372; x_wconf 78' lang='grc' dir='ltr'><strong><em>ἡμεῖς</em></strong></span> <span class='ocrx_word' id='word_1_175' title='bbox 964 1317 1004 1357; x_wconf 87' lang='grc' dir='ltr'><strong>δ’</strong></span> <span class='ocrx_word' id='word_1_176' title='bbox 1027 1318 1072 1359; x_wconf 79' lang='grc' dir='ltr'><strong>ἐν</strong></span> <span class='ocrx_word' id='word_1_177' title='bbox 1095 1319 1152 1373; x_wconf 79' lang='grc' dir='ltr'><strong>τῷ</strong></span> <span class='ocrx_word' id='word_1_178' title='bbox 1181 1315 1362 1374; x_wconf 77' lang='grc' dir='ltr'><strong><em>ἑξωτέρῳ</em></strong></span> <span class='ocrx_word' id='word_1_179' title='bbox 1385 1317 1475 1369; x_wconf 74' lang='grc' dir='ltr'><strong><em>τοῦ,</em></strong></span> <span class='ocrx_word' id='word_1_180' title='bbox 1503 1317 1549 1360; x_wconf 75' lang='grc' dir='ltr'><strong>ἐν</strong></span> <span class='ocrx_word' id='word_1_181' title='bbox 1572 1309 1651 1373; x_wconf 74' lang='grc' dir='ltr'><em>ᾦῆ</em></span> <span class='ocrx_word' id='word_1_182' title='bbox 1685 1314 1778 1371; x_wconf 88' lang='grc' dir='ltr'><strong><em>δίκη</em></strong></span> 
     </span>
     <span class='ocr_line' id='line_1_20' title="bbox 340 1379 1777 1439; baseline -0.001 -17"><span class='ocrx_word' id='word_1_183' title='bbox 340 1381 590 1437; x_wconf 73' lang='grc' dir='ltr'><strong><em>γεννήσεται,</em></strong></span> <span class='ocrx_word' id='word_1_184' title='bbox 623 1383 827 1435; x_wconf 78' lang='grc' dir='ltr'><strong><em>μενοῦμεν</em></strong></span> <span class='ocrx_word' id='word_1_185' title='bbox 851 1380 971 1439; x_wconf 75' lang='grc' dir='ltr'><strong><em>οἴκῳ,</em></strong></span> <span class='ocrx_word' id='word_1_186' title='bbox 1000 1379 1076 1430; x_wconf 81' lang='grc' dir='ltr'><strong><em>τάς</em></strong></span> <span class='ocrx_word' id='word_1_187' title='bbox 1092 1379 1236 1435; x_wconf 78' lang='grc' dir='ltr'><strong><em>ψυχὰς</em></strong></span> <span class='ocrx_word' id='word_1_188' title='bbox 1253 1381 1356 1437; x_wconf 81' lang='grc' dir='ltr'><strong><em>ὑπὲρ</em></strong></span> <span class='ocrx_word' id='word_1_189' title='bbox 1380 1382 1456 1436; x_wconf 82' lang='grc' dir='ltr'><strong><em>τῆς</em></strong></span> <span class='ocrx_word' id='word_1_190' title='bbox 1471 1382 1547 1436; x_wconf 82' lang='grc' dir='ltr'><strong><em>σῆς</em></strong></span> <span class='ocrx_word' id='word_1_191' title='bbox 1572 1380 1777 1436; x_wconf 69' lang='grc' dir='ltr'><strong><em>ὠφελείας</em></strong></span> 
     </span>
     <span class='ocr_line' id='line_1_21' title="bbox 342 1442 1798 1503; baseline 0 -15"><span class='ocrx_word' id='word_1_192' title='bbox 342 1442 454 1495; x_wconf 64' lang='grc' dir='ltr'><strong><em>ὄντες</em></strong></span> <span class='ocrx_word' id='word_1_193' title='bbox 475 1447 635 1499; x_wconf 75' lang='grc' dir='ltr'><strong><em>ἕτοιμοι</em></strong></span> <span class='ocrx_word' id='word_1_194' title='bbox 657 1447 874 1503; x_wconf 75' lang='grc' dir='ltr'><strong><em>προέσθαι,</em></strong></span> <span class='ocrx_word' id='word_1_195' title='bbox 903 1446 1000 1500; x_wconf 85' lang='grc' dir='ltr'><strong><em>βίας</em></strong></span> <span class='ocrx_word' id='word_1_196' title='bbox 1022 1447 1315 1501; x_wconf 78' lang='grc' dir='ltr'><strong><em>ἑπαγομένης.”</em></strong></span> <span class='ocrx_word' id='word_1_197' title='bbox 1333 1451 1420 1495; x_wconf 82' lang='grc' dir='ltr'><strong><em>τοῖς</em></strong></span> <span class='ocrx_word' id='word_1_198' title='bbox 1447 1444 1590 1494; x_wconf 73' lang='grc' dir='ltr'><strong><em>αὐτοῖς</em></strong></span> <span class='ocrx_word' id='word_1_199' title='bbox 1616 1446 1662 1488; x_wconf 80' lang='grc' dir='ltr'><strong>δὲ</strong></span> <span class='ocrx_word' id='word_1_200' title='bbox 1678 1444 1798 1488; x_wconf 67' lang='grc' dir='ltr'><strong><em>τού-2</em></strong></span> 
     </span>
     <span class='ocr_line' id='line_1_22' title="bbox 340 1509 1770 1568; baseline 0 -15"><span class='ocrx_word' id='word_1_201' title='bbox 340 1526 428 1560; x_wconf 84' lang='grc' dir='ltr'><strong><em>τοις</em></strong></span> <span class='ocrx_word' id='word_1_202' title='bbox 448 1512 519 1554; x_wconf 83' lang='grc' dir='ltr'><strong><em>καί</em></strong></span> <span class='ocrx_word' id='word_1_203' title='bbox 537 1510 562 1553; x_wconf 79' lang='grc' dir='ltr'><em>ὅ</em></span> <span class='ocrx_word' id='word_1_204' title='bbox 580 1510 909 1568; x_wconf 83' lang='grc' dir='ltr'><strong><em>πρωτοστροίτωρ</em></strong></span> <span class='ocrx_word' id='word_1_205' title='bbox 933 1510 1058 1554; x_wconf 77' lang='grc' dir='ltr'><strong><em>εἰπών</em></strong></span> <span class='ocrx_word' id='word_1_206' title='bbox 1077 1511 1312 1567; x_wconf 75' lang='grc' dir='ltr'><strong><em>ἀρκεῖσθαι,</em></strong></span> <span class='ocrx_word' id='word_1_207' title='bbox 1347 1509 1542 1566; x_wconf 85' lang='grc' dir='ltr'><strong><em>ἀλλήλοις</em></strong></span> <span class='ocrx_word' id='word_1_208' title='bbox 1570 1514 1770 1562; x_wconf 80' lang='grc' dir='ltr'><strong><em>συνταξα-</em></strong></span> 
     </span>
     <span class='ocr_line' id='line_1_23' title="bbox 340 1573 1772 1632; baseline -0.001 -14"><span class='ocrx_word' id='word_1_209' title='bbox 340 1591 482 1629; x_wconf 88' lang='grc' dir='ltr'><strong><em>μενοι,</em></strong></span> <span class='ocrx_word' id='word_1_210' title='bbox 510 1579 583 1619; x_wconf 84' lang='grc' dir='ltr'>καί</span> <span class='ocrx_word' id='word_1_211' title='bbox 607 1573 745 1632; x_wconf 67' lang='grc' dir='ltr'><strong><em>ὥσπερ</em></strong></span> <span class='ocrx_word' id='word_1_212' title='bbox 784 1576 1129 1632; x_wconf 76' lang='grc' dir='ltr'><strong><em>περιπτυξοίμενοι</em></strong></span> <span class='ocrx_word' id='word_1_213' title='bbox 1158 1580 1419 1629; x_wconf 82' lang='grc' dir='ltr'><strong><em>τελευταῖον,</em></strong></span> <span class='ocrx_word' id='word_1_214' title='bbox 1447 1577 1504 1632; x_wconf 75' lang='grc' dir='ltr'><strong>τῷ</strong></span> <span class='ocrx_word' id='word_1_215' title='bbox 1530 1577 1696 1632; x_wconf 74' lang='grc' dir='ltr'><strong><em>σταυρῷ</em></strong></span> <span class='ocrx_word' id='word_1_216' title='bbox 1727 1591 1772 1618; x_wconf 85' lang='grc' dir='ltr'><strong>τε</strong></span> 
     </span>
     <span class='ocr_line' id='line_1_24' title="bbox 305 1639 1774 1699; baseline -0.001 -15"><span class='ocrx_word' id='word_1_217' title='bbox 305 1640 669 1690; x_wconf 67' lang='grc' dir='ltr'><strong><em>(ἵκαθοπλίσαντες</em></strong></span> <span class='ocrx_word' id='word_1_218' title='bbox 686 1639 885 1694; x_wconf 73' lang='grc' dir='ltr'><strong><em>ἑαυτοὺς,</em></strong></span> <span class='ocrx_word' id='word_1_219' title='bbox 912 1639 1099 1698; x_wconf 75' lang='grc' dir='ltr'><strong><em>ἐχώρουν</em></strong></span> <span class='ocrx_word' id='word_1_220' title='bbox 1125 1642 1196 1683; x_wconf 71' lang='grc' dir='ltr'><strong>ἐπὶ</strong></span> <span class='ocrx_word' id='word_1_221' title='bbox 1214 1639 1290 1696; x_wconf 82' lang='grc' dir='ltr'><strong>τήν</strong></span> <span class='ocrx_word' id='word_1_222' title='bbox 1314 1640 1429 1696; x_wconf 87' lang='grc' dir='ltr'><strong><em>δίκην</em></strong></span> <span class='ocrx_word' id='word_1_223' title='bbox 1472 1641 1660 1699; x_wconf 75' lang='grc' dir='ltr'><strong><em>ἀτρέπτῳ</em></strong></span> <span class='ocrx_word' id='word_1_224' title='bbox 1700 1644 1774 1683; x_wconf 78' lang='grc' dir='ltr'><em>καί</em></span> 
     </span>
     <span class='ocr_line' id='line_1_25' title="bbox 336 1704 1201 1763; baseline 0.001 -16"><span class='ocrx_word' id='word_1_225' title='bbox 336 1704 533 1761; x_wconf 78' lang='grc' dir='ltr'><strong><em>βεβηκότι</em></strong></span> <span class='ocrx_word' id='word_1_226' title='bbox 559 1708 631 1748; x_wconf 79' lang='grc' dir='ltr'><em>καί</em></span> <span class='ocrx_word' id='word_1_227' title='bbox 651 1705 838 1762; x_wconf 88' lang='grc' dir='ltr'><strong><em>σχήματι</em></strong></span> <span class='ocrx_word' id='word_1_228' title='bbox 857 1706 930 1750; x_wconf 82' lang='grc' dir='ltr'>καί</span> <span class='ocrx_word' id='word_1_229' title='bbox 949 1706 1201 1763; x_wconf 83' lang='grc' dir='ltr'><strong><em>φρονήματι.</em></strong></span> 
     </span>
    </p>
   </div>
   <div class='ocr_carea' id='block_1_3' title="bbox 1796 0 1832 1533">
    <p class='ocr_par' dir='ltr' id='par_1_5' title="bbox 1796 0 1832 1533">
     <span class='ocr_line' id='line_1_26' title="bbox 1796 0 1832 357; baseline 0 0"><span class='ocrx_word' id='word_1_230' title='bbox 1796 0 1832 357; x_wconf 95' lang='lat' dir='ltr'><strong>   </strong></span> 
     </span>
     <span class='ocr_line' id='line_1_27' title="bbox 1796 373 1832 885; baseline 0 -128"><span class='ocrx_word' id='word_1_231' title='bbox 1796 373 1832 885; x_wconf 95' lang='lat' dir='ltr'><strong>    </strong></span> 
     </span>
     <span class='ocr_line' id='line_1_28' title="bbox 1796 885 1832 1533; baseline 0 -121"><span class='ocrx_word' id='word_1_232' title='bbox 1796 885 1832 1533; x_wconf 95' lang='lat' dir='ltr'><strong>    </strong></span> 
     </span>
    </p>
   </div>
   <div class='ocr_carea' id='block_1_4' title="bbox 337 1806 1832 2734">
    <p class='ocr_par' dir='ltr' id='par_1_6' title="bbox 337 1806 1832 2734">
     <span class='ocr_line' id='line_1_29' title="bbox 340 1806 1765 1855; baseline 0.003 -16"><span class='ocrx_word' id='word_1_233' title='bbox 340 1808 470 1851; x_wconf 78' lang='lat' dir='ltr'>gratias</span> <span class='ocrx_word' id='word_1_234' title='bbox 485 1807 625 1840; x_wconf 89' lang='lat' dir='ltr'><strong>numini</strong></span> <span class='ocrx_word' id='word_1_235' title='bbox 643 1807 893 1852; x_wconf 87' lang='lat' dir='ltr'>persolvamus.</span> <span class='ocrx_word' id='word_1_236' title='bbox 942 1806 1007 1841; x_wconf 88' lang='lat' dir='ltr'><strong>Sin</strong></span> <span class='ocrx_word' id='word_1_237' title='bbox 1028 1807 1117 1854; x_wconf 88' lang='lat' dir='ltr'><strong>quid</strong></span> <span class='ocrx_word' id='word_1_238' title='bbox 1137 1806 1237 1841; x_wconf 88' lang='lat' dir='ltr'><strong>aliud</strong></span> <span class='ocrx_word' id='word_1_239' title='bbox 1253 1807 1309 1841; x_wconf 87' lang='lat' dir='ltr'><strong>illi</strong></span> <span class='ocrx_word' id='word_1_240' title='bbox 1330 1807 1375 1842; x_wconf 89' lang='lat' dir='ltr'><strong>de</strong></span> <span class='ocrx_word' id='word_1_241' title='bbox 1394 1807 1501 1842; x_wconf 86' lang='lat' dir='ltr'><strong>nobis</strong></span> <span class='ocrx_word' id='word_1_242' title='bbox 1511 1808 1765 1855; x_wconf 82' lang='lat' dir='ltr'><strong>complacitum</strong></span> 
     </span>
     <span class='ocr_line' id='line_1_30' title="bbox 339 1853 1766 1898; baseline 0.002 -13"><span class='ocrx_word' id='word_1_243' title='bbox 339 1859 414 1886; x_wconf 88' lang='lat' dir='ltr'><strong>est:</strong></span> <span class='ocrx_word' id='word_1_244' title='bbox 440 1864 504 1897; x_wconf 88' lang='lat' dir='ltr'><strong>ego</strong></span> <span class='ocrx_word' id='word_1_245' title='bbox 526 1853 582 1887; x_wconf 85' lang='lat' dir='ltr'><strong>his</strong></span> <span class='ocrx_word' id='word_1_246' title='bbox 603 1854 721 1887; x_wconf 86' lang='lat' dir='ltr'><strong>verbis</strong></span> <span class='ocrx_word' id='word_1_247' title='bbox 744 1859 962 1898; x_wconf 87' lang='lat' dir='ltr'><strong>postremum</strong></span> <span class='ocrx_word' id='word_1_248' title='bbox 982 1865 1044 1888; x_wconf 88' lang='lat' dir='ltr'><strong>vos</strong></span> <span class='ocrx_word' id='word_1_249' title='bbox 1062 1855 1234 1888; x_wconf 86' lang='lat' dir='ltr'><strong>salutatos</strong></span> <span class='ocrx_word' id='word_1_250' title='bbox 1260 1855 1365 1888; x_wconf 86' lang='lat' dir='ltr'><strong>volo:</strong></span> <span class='ocrx_word' id='word_1_251' title='bbox 1397 1865 1458 1889; x_wconf 87' lang='lat' dir='ltr'><strong>vos</strong></span> <span class='ocrx_word' id='word_1_252' title='bbox 1483 1861 1602 1890; x_wconf 83' lang='lat' dir='ltr'><strong>autem</strong></span> <span class='ocrx_word' id='word_1_253' title='bbox 1627 1857 1766 1890; x_wconf 86' lang='lat' dir='ltr'><strong>nobili—</strong></span> 
     </span>
     <span class='ocr_line' id='line_1_31' title="bbox 338 1899 1766 1948; baseline 0.003 -16"><span class='ocrx_word' id='word_1_254' title='bbox 338 1899 406 1932; x_wconf 84' lang='lat' dir='ltr'><strong>tati</strong></span> <span class='ocrx_word' id='word_1_255' title='bbox 436 1900 634 1945; x_wconf 86' lang='lat' dir='ltr'><strong>virtutique</strong></span> <span class='ocrx_word' id='word_1_256' title='bbox 667 1906 803 1934; x_wconf 82' lang='lat' dir='ltr'><strong>vestrae</strong></span> <span class='ocrx_word' id='word_1_257' title='bbox 818 1906 989 1945; x_wconf 81' lang='lat' dir='ltr'><strong>paretote.</strong></span> <span class='ocrx_word' id='word_1_258' title='bbox 1038 1900 1094 1934; x_wconf 89' lang='lat' dir='ltr'><strong>Ad</strong></span> <span class='ocrx_word' id='word_1_259' title='bbox 1119 1902 1191 1934; x_wconf 82' lang='lat' dir='ltr'><strong>ista</strong></span> <span class='ocrx_word' id='word_1_260' title='bbox 1210 1912 1289 1934; x_wconf 89' lang='lat' dir='ltr'><strong>cum</strong></span> <span class='ocrx_word' id='word_1_261' title='bbox 1309 1906 1460 1946; x_wconf 80' lang='lat' dir='ltr'><strong>uterque</strong></span> <span class='ocrx_word' id='word_1_262' title='bbox 1489 1901 1608 1943; x_wconf 80' lang='lat' dir='ltr'><strong>dicere</strong></span> <span class='ocrx_word' id='word_1_263' title='bbox 1626 1902 1766 1948; x_wconf 79' lang='lat' dir='ltr'><strong>aliquid</strong></span> 
     </span>
     <span class='ocr_line' id='line_1_32' title="bbox 337 1947 1766 1992; baseline 0.003 -14"><span class='ocrx_word' id='word_1_264' title='bbox 337 1951 560 1990; x_wconf 83' lang='lat' dir='ltr'><strong>percuperet,</strong></span> <span class='ocrx_word' id='word_1_265' title='bbox 581 1952 840 1990; x_wconf 85' lang='lat' dir='ltr'><strong>protostratore</strong></span> <span class='ocrx_word' id='word_1_266' title='bbox 860 1951 1061 1988; x_wconf 81' lang='lat' dir='ltr'><strong>cunctante,</strong></span> <span class='ocrx_word' id='word_1_267' title='bbox 1087 1958 1233 1992; x_wconf 80' lang='lat' dir='ltr'><strong>magnus</strong></span> <span class='ocrx_word' id='word_1_268' title='bbox 1253 1947 1467 1981; x_wconf 86' lang='lat' dir='ltr'><strong>domesticus</strong></span> <span class='ocrx_word' id='word_1_269' title='bbox 1486 1958 1610 1982; x_wconf 85' lang='lat' dir='ltr'><strong>vocem</strong></span> <span class='ocrx_word' id='word_1_270' title='bbox 1629 1950 1668 1982; x_wconf 88' lang='lat' dir='ltr'><strong>in</strong></span> <span class='ocrx_word' id='word_1_271' title='bbox 1679 1949 1766 1982; x_wconf 86' lang='lat' dir='ltr'><strong>haec</strong></span> 
     </span>
     <span class='ocr_line' id='line_1_33' title="bbox 337 1991 1832 2041; baseline 0.004 -18"><span class='ocrx_word' id='word_1_272' title='bbox 337 1991 444 2024; x_wconf 83' lang='lat' dir='ltr'><strong>verba</strong></span> <span class='ocrx_word' id='word_1_273' title='bbox 477 1992 642 2025; x_wconf 86' lang='lat' dir='ltr'><strong>resolvit:</strong></span> <span class='ocrx_word' id='word_1_274' title='bbox 687 1992 775 2025; x_wconf 89' lang='lat' dir='ltr'><strong>Cum</strong></span> <span class='ocrx_word' id='word_1_275' title='bbox 809 1993 972 2026; x_wconf 87' lang='lat' dir='ltr'><strong>homines</strong></span> <span class='ocrx_word' id='word_1_276' title='bbox 1014 1993 1278 2038; x_wconf 84' lang='lat' dir='ltr'><strong>intelligentiae</strong></span> <span class='ocrx_word' id='word_1_277' title='bbox 1317 1994 1533 2040; x_wconf 79' lang='lat' dir='ltr'><strong>consiliique</strong></span> <span class='ocrx_word' id='word_1_278' title='bbox 1572 1996 1766 2041; x_wconf 76' lang='lat' dir='ltr'><strong>participes</strong></span> <span class='ocrx_word' id='word_1_279' title='bbox 1831 2004 1832 2034; x_wconf 44' lang='grc' dir='ltr'>Τ</span> 
     </span>
     <span class='ocr_line' id='line_1_34' title="bbox 338 2036 1766 2086; baseline 0.004 -16"><span class='ocrx_word' id='word_1_280' title='bbox 338 2036 407 2070; x_wconf 88' lang='lat' dir='ltr'><strong>hoc</strong></span> <span class='ocrx_word' id='word_1_281' title='bbox 425 2038 540 2070; x_wconf 87' lang='lat' dir='ltr'><strong>brutis</strong></span> <span class='ocrx_word' id='word_1_282' title='bbox 557 2038 799 2072; x_wconf 83' lang='lat' dir='ltr'><strong>animantibus</strong></span> <span class='ocrx_word' id='word_1_283' title='bbox 819 2039 1047 2079; x_wconf 85' lang='lat' dir='ltr'><strong>antecellant,</strong></span> <span class='ocrx_word' id='word_1_284' title='bbox 1071 2039 1169 2084; x_wconf 88' lang='lat' dir='ltr'><strong>quod</strong></span> <span class='ocrx_word' id='word_1_285' title='bbox 1185 2051 1253 2084; x_wconf 87' lang='lat' dir='ltr'><strong>ope</strong></span> <span class='ocrx_word' id='word_1_286' title='bbox 1275 2044 1312 2073; x_wconf 84' lang='lat' dir='ltr'><strong>et</strong></span> <span class='ocrx_word' id='word_1_287' title='bbox 1332 2040 1488 2086; x_wconf 72' lang='lat' dir='ltr'><strong>im&#39;puls&#39;u</strong></span> <span class='ocrx_word' id='word_1_288' title='bbox 1510 2042 1659 2076; x_wconf 77' lang='lat' dir='ltr'><strong>rationis</strong></span> <span class='ocrx_word' id='word_1_289' title='bbox 1667 2053 1766 2075; x_wconf 89' lang='lat' dir='ltr'><strong>com-</strong></span> 
     </span>
     <span class='ocr_line' id='line_1_35' title="bbox 337 2082 1774 2132; baseline 0.003 -16"><span class='ocrx_word' id='word_1_290' title='bbox 337 2082 442 2116; x_wconf 85' lang='lat' dir='ltr'><strong>moda</strong></span> <span class='ocrx_word' id='word_1_291' title='bbox 467 2088 504 2116; x_wconf 89' lang='lat' dir='ltr'><strong>et</strong></span> <span class='ocrx_word' id='word_1_292' title='bbox 529 2086 726 2118; x_wconf 84' lang='lat' dir='ltr'><strong>necessaria</strong></span> <span class='ocrx_word' id='word_1_293' title='bbox 749 2084 820 2118; x_wconf 88' lang='lat' dir='ltr'><strong>sibi</strong></span> <span class='ocrx_word' id='word_1_294' title='bbox 845 2085 997 2130; x_wconf 82' lang='lat' dir='ltr'><strong>eligunt,</strong></span> <span class='ocrx_word' id='word_1_295' title='bbox 1021 2086 1115 2119; x_wconf 88' lang='lat' dir='ltr'><strong>nihil</strong></span> <span class='ocrx_word' id='word_1_296' title='bbox 1140 2097 1204 2130; x_wconf 87' lang='lat' dir='ltr'><strong>ego</strong></span> <span class='ocrx_word' id='word_1_297' title='bbox 1228 2087 1444 2120; x_wconf 85' lang='lat' dir='ltr'><strong>commodius</strong></span> <span class='ocrx_word' id='word_1_298' title='bbox 1465 2087 1620 2132; x_wconf 80' lang='lat' dir='ltr'><strong>magisve</strong></span> <span class='ocrx_word' id='word_1_299' title='bbox 1638 2099 1774 2121; x_wconf 78' lang='lat' dir='ltr'><strong>neces--</strong></span> 
     </span>
     <span class='ocr_line' id='line_1_36' title="bbox 339 2130 1764 2179; baseline 0.004 -16"><span class='ocrx_word' id='word_1_300' title='bbox 339 2130 470 2163; x_wconf 86' lang='lat' dir='ltr'><strong>sarium</strong></span> <span class='ocrx_word' id='word_1_301' title='bbox 490 2130 638 2174; x_wconf 87' lang='lat' dir='ltr'><strong>opinor,</strong></span> <span class='ocrx_word' id='word_1_302' title='bbox 663 2142 767 2176; x_wconf 85' lang='lat' dir='ltr'><strong>quam</strong></span> <span class='ocrx_word' id='word_1_303' title='bbox 798 2131 943 2176; x_wconf 85' lang='lat' dir='ltr'><strong>eligere,</strong></span> <span class='ocrx_word' id='word_1_304' title='bbox 967 2142 1073 2175; x_wconf 91' lang='lat' dir='ltr'><strong>quem</strong></span> <span class='ocrx_word' id='word_1_305' title='bbox 1095 2131 1221 2177; x_wconf 82' lang='lat' dir='ltr'><strong>diligas</strong></span> <span class='ocrx_word' id='word_1_306' title='bbox 1247 2138 1283 2165; x_wconf 87' lang='lat' dir='ltr'><strong>et</strong></span> <span class='ocrx_word' id='word_1_307' title='bbox 1301 2145 1322 2166; x_wconf 87' lang='lat' dir='ltr'><strong>a</strong></span> <span class='ocrx_word' id='word_1_308' title='bbox 1337 2144 1408 2178; x_wconf 89' lang='lat' dir='ltr'><strong>quo</strong></span> <span class='ocrx_word' id='word_1_309' title='bbox 1425 2134 1582 2168; x_wconf 75' lang='lat' dir='ltr'><strong>vicissim</strong></span> <span class='ocrx_word' id='word_1_310' title='bbox 1605 2133 1764 2179; x_wconf 81' lang='lat' dir='ltr'><strong>diligare.</strong></span> 
     </span>
     <span class='ocr_line' id='line_1_37' title="bbox 338 2175 1764 2224; baseline 0.004 -16"><span class='ocrx_word' id='word_1_311' title='bbox 338 2175 491 2209; x_wconf 88' lang='lat' dir='ltr'><strong>Proinde</strong></span> <span class='ocrx_word' id='word_1_312' title='bbox 504 2177 628 2220; x_wconf 87' lang='lat' dir='ltr'><strong>etipse</strong></span> <span class='ocrx_word' id='word_1_313' title='bbox 645 2178 836 2210; x_wconf 82' lang='lat' dir='ltr'><strong>amicitiam</strong></span> <span class='ocrx_word' id='word_1_314' title='bbox 853 2184 962 2217; x_wconf 70' lang='lat' dir='ltr'><strong>tuam,</strong></span> <span class='ocrx_word' id='word_1_315' title='bbox 986 2178 1188 2222; x_wconf 78' lang='lat' dir='ltr'><strong>imperator,</strong></span> <span class='ocrx_word' id='word_1_316' title='bbox 1203 2179 1241 2211; x_wconf 90' lang='lat' dir='ltr'><strong>in</strong></span> <span class='ocrx_word' id='word_1_317' title='bbox 1258 2190 1364 2224; x_wconf 83' lang='lat' dir='ltr'><strong>quam</strong></span> <span class='ocrx_word' id='word_1_318' title='bbox 1377 2179 1510 2214; x_wconf 84' lang='lat' dir='ltr'><strong>teneris</strong></span> <span class='ocrx_word' id='word_1_319' title='bbox 1528 2179 1645 2213; x_wconf 80' lang='lat' dir='ltr'><strong>adhuc</strong></span> <span class='ocrx_word' id='word_1_320' title='bbox 1660 2181 1764 2214; x_wconf 81' lang='lat' dir='ltr'><strong>annis</strong></span> 
     </span>
     <span class='ocr_line' id='line_1_38' title="bbox 339 2222 1764 2271; baseline 0.004 -17"><span class='ocrx_word' id='word_1_321' title='bbox 339 2222 482 2262; x_wconf 85' lang='lat' dir='ltr'><strong>intravi,</strong></span> <span class='ocrx_word' id='word_1_322' title='bbox 511 2227 547 2255; x_wconf 87' lang='lat' dir='ltr'><strong>et</strong></span> <span class='ocrx_word' id='word_1_323' title='bbox 571 2233 651 2254; x_wconf 89' lang='lat' dir='ltr'><strong>cum</strong></span> <span class='ocrx_word' id='word_1_324' title='bbox 675 2228 795 2257; x_wconf 84' lang='lat' dir='ltr'><strong>aetate</strong></span> <span class='ocrx_word' id='word_1_325' title='bbox 821 2230 960 2257; x_wconf 85' lang='lat' dir='ltr'><strong>auctam</strong></span> <span class='ocrx_word' id='word_1_326' title='bbox 982 2224 1167 2271; x_wconf 88' lang='lat' dir='ltr'><strong>hucusque</strong></span> <span class='ocrx_word' id='word_1_327' title='bbox 1186 2227 1399 2267; x_wconf 80' lang='lat' dir='ltr'><strong>conservavi,</strong></span> <span class='ocrx_word' id='word_1_328' title='bbox 1424 2226 1532 2260; x_wconf 86' lang='lat' dir='ltr'><strong>etiam</strong></span> <span class='ocrx_word' id='word_1_329' title='bbox 1556 2226 1602 2260; x_wconf 82' lang='lat' dir='ltr'><strong>ad</strong></span> <span class='ocrx_word' id='word_1_330' title='bbox 1626 2227 1764 2262; x_wconf 83' lang='lat' dir='ltr'><strong>exitum</strong></span> 
     </span>
     <span class='ocr_line' id='line_1_39' title="bbox 338 2268 1765 2317; baseline 0.004 -17"><span class='ocrx_word' id='word_1_331' title='bbox 338 2269 434 2301; x_wconf 85' lang='lat' dir='ltr'><strong>vitae</strong></span> <span class='ocrx_word' id='word_1_332' title='bbox 472 2268 681 2301; x_wconf 84' lang='lat' dir='ltr'><strong>inoffensam</strong></span> <span class='ocrx_word' id='word_1_333' title='bbox 713 2275 942 2316; x_wconf 80' lang='lat' dir='ltr'><strong>sanctamque</strong></span> <span class='ocrx_word' id='word_1_334' title='bbox 979 2271 1187 2304; x_wconf 87' lang='lat' dir='ltr'><strong>custodiam.</strong></span> <span class='ocrx_word' id='word_1_335' title='bbox 1243 2271 1344 2305; x_wconf 87' lang='lat' dir='ltr'><strong>Habe</strong></span> <span class='ocrx_word' id='word_1_336' title='bbox 1387 2272 1498 2317; x_wconf 81' lang='lat' dir='ltr'><strong>igitur</strong></span> <span class='ocrx_word' id='word_1_337' title='bbox 1523 2272 1660 2306; x_wconf 86' lang='lat' dir='ltr'><strong>bonum</strong></span> <span class='ocrx_word' id='word_1_338' title='bbox 1684 2273 1765 2306; x_wconf 77' lang='lat' dir='ltr'><strong>ani-</strong></span> 
     </span>
     <span class='ocr_line' id='line_1_40' title="bbox 338 2316 1763 2365; baseline 0.004 -19"><span class='ocrx_word' id='word_1_339' title='bbox 338 2325 433 2347; x_wconf 90' lang='lat' dir='ltr'><strong>mum</strong></span> <span class='ocrx_word' id='word_1_340' title='bbox 447 2328 455 2347; x_wconf 85' lang='lat'>:</span> <span class='ocrx_word' id='word_1_341' title='bbox 481 2326 553 2347; x_wconf 92' lang='lat' dir='ltr'><strong>non</strong></span> <span class='ocrx_word' id='word_1_342' title='bbox 573 2316 668 2347; x_wconf 89' lang='lat' dir='ltr'><strong>enim</strong></span> <span class='ocrx_word' id='word_1_343' title='bbox 681 2316 780 2359; x_wconf 89' lang='lat' dir='ltr'><strong>prius</strong></span> <span class='ocrx_word' id='word_1_344' title='bbox 793 2317 863 2349; x_wconf 92' lang='lat' dir='ltr'><strong>tibi</strong></span> <span class='ocrx_word' id='word_1_345' title='bbox 886 2316 1083 2362; x_wconf 88' lang='lat' dir='ltr'><strong>quidquam</strong></span> <span class='ocrx_word' id='word_1_346' title='bbox 1099 2329 1199 2351; x_wconf 91' lang='lat' dir='ltr'><strong>secus</strong></span> <span class='ocrx_word' id='word_1_347' title='bbox 1215 2329 1255 2351; x_wconf 85' lang='lat' dir='ltr'><strong>ac</strong></span> <span class='ocrx_word' id='word_1_348' title='bbox 1273 2319 1426 2352; x_wconf 88' lang='lat' dir='ltr'><strong>velimus</strong></span> <span class='ocrx_word' id='word_1_349' title='bbox 1446 2319 1640 2364; x_wconf 78' lang='lat' dir='ltr'><strong>continget,</strong></span> <span class='ocrx_word' id='word_1_350' title='bbox 1657 2330 1763 2365; x_wconf 82' lang='lat' dir='ltr'><strong>quam</strong></span> 
     </span>
     <span class='ocr_line' id='line_1_41' title="bbox 339 2363 1764 2410; baseline 0.004 -17"><span class='ocrx_word' id='word_1_351' title='bbox 339 2371 403 2405; x_wconf 86' lang='lat' dir='ltr'><strong>ego</strong></span> <span class='ocrx_word' id='word_1_352' title='bbox 419 2371 497 2393; x_wconf 88' lang='lat' dir='ltr'><strong>meo</strong></span> <span class='ocrx_word' id='word_1_353' title='bbox 516 2367 731 2404; x_wconf 85' lang='lat' dir='ltr'><strong>purpuratus</strong></span> <span class='ocrx_word' id='word_1_354' title='bbox 750 2363 920 2407; x_wconf 85' lang='lat' dir='ltr'><strong>sanguine</strong></span> <span class='ocrx_word' id='word_1_355' title='bbox 940 2363 1162 2397; x_wconf 89' lang='lat' dir='ltr'><strong>occubuero:</strong></span> <span class='ocrx_word' id='word_1_356' title='bbox 1195 2369 1232 2397; x_wconf 89' lang='lat' dir='ltr'><strong>et</strong></span> <span class='ocrx_word' id='word_1_357' title='bbox 1253 2364 1437 2408; x_wconf 70' lang='lat' dir='ltr'><strong>proposita</strong></span> <span class='ocrx_word' id='word_1_358' title='bbox 1455 2375 1561 2410; x_wconf 81' lang='lat' dir='ltr'><strong>perge</strong></span> <span class='ocrx_word' id='word_1_359' title='bbox 1581 2365 1658 2406; x_wconf 77' lang='lat' dir='ltr'><strong>via,</strong></span> <span class='ocrx_word' id='word_1_360' title='bbox 1687 2376 1764 2398; x_wconf 84' lang='lat' dir='ltr'><strong>ser-</strong></span> 
     </span>
     <span class='ocr_line' id='line_1_42' title="bbox 338 2405 1761 2454; baseline 0.003 -14"><span class='ocrx_word' id='word_1_361' title='bbox 338 2407 469 2440; x_wconf 87' lang='lat' dir='ltr'><strong>vatoris</strong></span> <span class='ocrx_word' id='word_1_362' title='bbox 489 2405 621 2439; x_wconf 86' lang='lat' dir='ltr'><strong>Christi</strong></span> <span class='ocrx_word' id='word_1_363' title='bbox 651 2407 799 2453; x_wconf 89' lang='lat' dir='ltr'><strong>eiusque</strong></span> <span class='ocrx_word' id='word_1_364' title='bbox 829 2409 1011 2453; x_wconf 87' lang='lat' dir='ltr'><strong>genitricis</strong></span> <span class='ocrx_word' id='word_1_365' title='bbox 1034 2411 1170 2444; x_wconf 79' lang='lat' dir='ltr'><strong>auxilio</strong></span> <span class='ocrx_word' id='word_1_366' title='bbox 1195 2410 1390 2454; x_wconf 79' lang='lat' dir='ltr'><strong>subnixus3</strong></span> <span class='ocrx_word' id='word_1_367' title='bbox 1413 2422 1482 2444; x_wconf 89' lang='lat' dir='ltr'><strong>nec</strong></span> <span class='ocrx_word' id='word_1_368' title='bbox 1501 2421 1575 2444; x_wconf 84' lang='lat' dir='ltr'><strong>nou</strong></span> <span class='ocrx_word' id='word_1_369' title='bbox 1599 2411 1677 2452; x_wconf 80' lang='lat' dir='ltr'><strong>eius</strong></span> <span class='ocrx_word' id='word_1_370' title='bbox 1695 2422 1761 2444; x_wconf 81' lang='lat' dir='ltr'><strong>vo·</strong></span> 
     </span>
     <span class='ocr_line' id='line_1_43' title="bbox 341 2452 1760 2500; baseline 0.004 -15"><span class='ocrx_word' id='word_1_371' title='bbox 341 2453 389 2486; x_wconf 86' lang='lat' dir='ltr'><strong>tis</strong></span> <span class='ocrx_word' id='word_1_372' title='bbox 413 2452 663 2494; x_wconf 89' lang='lat' dir='ltr'><strong>communitus,</strong></span> <span class='ocrx_word' id='word_1_373' title='bbox 687 2466 794 2500; x_wconf 90' lang='lat' dir='ltr'><strong>quem</strong></span> <span class='ocrx_word' id='word_1_374' title='bbox 816 2456 920 2499; x_wconf 86' lang='lat' dir='ltr'><strong>paulo</strong></span> <span class='ocrx_word' id='word_1_375' title='bbox 946 2461 1029 2489; x_wconf 84' lang='lat' dir='ltr'><strong>ante</strong></span> <span class='ocrx_word' id='word_1_376' title='bbox 1057 2466 1141 2490; x_wconf 80' lang='lat' dir='ltr'><strong>avus</strong></span> <span class='ocrx_word' id='word_1_377' title='bbox 1165 2457 1276 2490; x_wconf 87' lang='lat' dir='ltr'><strong>misit.</strong></span> <span class='ocrx_word' id='word_1_378' title='bbox 1325 2457 1399 2491; x_wconf 87' lang='lat' dir='ltr'><strong>Nos</strong></span> <span class='ocrx_word' id='word_1_379' title='bbox 1424 2462 1461 2491; x_wconf 89' lang='lat' dir='ltr'><strong>te</strong></span> <span class='ocrx_word' id='word_1_380' title='bbox 1484 2457 1528 2490; x_wconf 76' lang='lat' dir='ltr'><strong>nd</strong></span> <span class='ocrx_word' id='word_1_381' title='bbox 1552 2455 1680 2490; x_wconf 84' lang='lat' dir='ltr'><strong>iudicii</strong></span> <span class='ocrx_word' id='word_1_382' title='bbox 1706 2457 1760 2491; x_wconf 89' lang='lat' dir='ltr'><strong>lo-</strong></span> 
     </span>
     <span class='ocr_line' id='line_1_44' title="bbox 339 2500 1758 2549; baseline 0.003 -17"><span class='ocrx_word' id='word_1_383' title='bbox 339 2509 419 2532; x_wconf 87' lang='lat' dir='ltr'><strong>cum</strong></span> <span class='ocrx_word' id='word_1_384' title='bbox 442 2500 670 2539; x_wconf 76' lang='lat' dir='ltr'><strong>comitantes„</strong></span> <span class='ocrx_word' id='word_1_385' title='bbox 695 2500 781 2534; x_wconf 82' lang='lat' dir='ltr'><strong>foris</strong></span> <span class='ocrx_word' id='word_1_386' title='bbox 804 2501 1028 2535; x_wconf 82' lang='lat' dir='ltr'><strong>manebimus</strong></span> <span class='ocrx_word' id='word_1_387' title='bbox 1042 2527 1052 2543; x_wconf 90' lang='lat'><em>‚</em></span> <span class='ocrx_word' id='word_1_388' title='bbox 1076 2503 1215 2546; x_wconf 87' lang='lat' dir='ltr'><strong>parati,</strong></span> <span class='ocrx_word' id='word_1_389' title='bbox 1240 2504 1271 2536; x_wconf 88' lang='lat' dir='ltr'><strong>si</strong></span> <span class='ocrx_word' id='word_1_390' title='bbox 1294 2514 1365 2549; x_wconf 84' lang='lat' dir='ltr'><strong>qua</strong></span> <span class='ocrx_word' id='word_1_391' title='bbox 1386 2504 1440 2537; x_wconf 82' lang='lat' dir='ltr'><strong>vis</strong></span> <span class='ocrx_word' id='word_1_392' title='bbox 1465 2503 1622 2543; x_wconf 85' lang='lat' dir='ltr'><strong>oriatur,</strong></span> <span class='ocrx_word' id='word_1_393' title='bbox 1648 2503 1758 2537; x_wconf 83' lang='lat' dir='ltr'><strong>vitam</strong></span> 
     </span>
     <span class='ocr_line' id='line_1_45' title="bbox 340 2545 1759 2594; baseline 0.004 -17"><span class='ocrx_word' id='word_1_394' title='bbox 340 2549 459 2578; x_wconf 86' lang='lat' dir='ltr'><strong>certae</strong></span> <span class='ocrx_word' id='word_1_395' title='bbox 483 2545 588 2578; x_wconf 86' lang='lat' dir='ltr'><strong>morti</strong></span> <span class='ocrx_word' id='word_1_396' title='bbox 613 2555 676 2588; x_wconf 90' lang='lat' dir='ltr'><strong>pro</strong></span> <span class='ocrx_word' id='word_1_397' title='bbox 700 2552 762 2580; x_wconf 84' lang='lat' dir='ltr'><strong>tua</strong></span> <span class='ocrx_word' id='word_1_398' title='bbox 787 2548 901 2581; x_wconf 88' lang='lat' dir='ltr'><strong>salute</strong></span> <span class='ocrx_word' id='word_1_399' title='bbox 927 2559 1120 2592; x_wconf 85' lang='lat' dir='ltr'><strong>opponere.</strong></span> <span class='ocrx_word' id='word_1_400' title='bbox 1167 2550 1208 2582; x_wconf 91' lang='lat' dir='ltr'><strong>In</strong></span> <span class='ocrx_word' id='word_1_401' title='bbox 1231 2550 1289 2583; x_wconf 88' lang='lat' dir='ltr'><strong>his</strong></span> <span class='ocrx_word' id='word_1_402' title='bbox 1311 2548 1441 2583; x_wconf 88' lang='lat' dir='ltr'><strong>iisdem</strong></span> <span class='ocrx_word' id='word_1_403' title='bbox 1460 2560 1498 2583; x_wconf 88' lang='lat' dir='ltr'><strong>se</strong></span> <span class='ocrx_word' id='word_1_404' title='bbox 1530 2548 1759 2594; x_wconf 80' lang='lat' dir='ltr'><strong>acquiescere</strong></span> 
     </span>
     <span class='ocr_line' id='line_1_46' title="bbox 339 2591 1756 2640; baseline 0.005 -18"><span class='ocrx_word' id='word_1_405' title='bbox 339 2601 418 2623; x_wconf 87' lang='lat' dir='ltr'><strong>cum</strong></span> <span class='ocrx_word' id='word_1_406' title='bbox 442 2591 682 2625; x_wconf 80' lang='lat' dir='ltr'><strong>confirmasset</strong></span> <span class='ocrx_word' id='word_1_407' title='bbox 706 2598 950 2637; x_wconf 86' lang='lat' dir='ltr'><strong>protostrator,</strong></span> <span class='ocrx_word' id='word_1_408' title='bbox 974 2595 1073 2628; x_wconf 89' lang='lat' dir='ltr'><strong>velut</strong></span> <span class='ocrx_word' id='word_1_409' title='bbox 1094 2595 1262 2629; x_wconf 87' lang='lat' dir='ltr'><strong>ultimum</strong></span> <span class='ocrx_word' id='word_1_410' title='bbox 1285 2597 1381 2630; x_wconf 89' lang='lat' dir='ltr'><strong>inter</strong></span> <span class='ocrx_word' id='word_1_411' title='bbox 1402 2606 1440 2630; x_wconf 89' lang='lat' dir='ltr'><strong>se</strong></span> <span class='ocrx_word' id='word_1_412' title='bbox 1465 2595 1655 2640; x_wconf 75' lang='lat' dir='ltr'><strong>complexi,</strong></span> <span class='ocrx_word' id='word_1_413' title='bbox 1674 2606 1756 2629; x_wconf 89' lang='lat' dir='ltr'><strong>cru-</strong></span> 
     </span>
     <span class='ocr_line' id='line_1_47' title="bbox 339 2637 1759 2684; baseline 0.004 -15"><span class='ocrx_word' id='word_1_414' title='bbox 339 2638 461 2683; x_wconf 86' lang='lat' dir='ltr'><strong>cisque</strong></span> <span class='ocrx_word' id='word_1_415' title='bbox 497 2637 637 2670; x_wconf 80' lang='lat' dir='ltr'><strong>divinae</strong></span> <span class='ocrx_word' id='word_1_416' title='bbox 673 2639 774 2684; x_wconf 85' lang='lat' dir='ltr'><strong>signo</strong></span> <span class='ocrx_word' id='word_1_417' title='bbox 807 2640 1004 2681; x_wconf 84' lang='lat' dir='ltr'><strong>obarmati,</strong></span> <span class='ocrx_word' id='word_1_418' title='bbox 1038 2641 1188 2675; x_wconf 89' lang='lat' dir='ltr'><strong>iunctim</strong></span> <span class='ocrx_word' id='word_1_419' title='bbox 1221 2642 1266 2676; x_wconf 81' lang='lat' dir='ltr'><strong>ad</strong></span> <span class='ocrx_word' id='word_1_420' title='bbox 1298 2641 1474 2675; x_wconf 84' lang='lat' dir='ltr'><strong>iudicium</strong></span> <span class='ocrx_word' id='word_1_421' title='bbox 1506 2642 1683 2676; x_wconf 73' lang='lat' dir='ltr'><strong>constanti</strong></span> <span class='ocrx_word' id='word_1_422' title='bbox 1720 2646 1759 2675; x_wconf 75' lang='lat' dir='ltr'><strong>et</strong></span> 
     </span>
     <span class='ocr_line' id='line_1_48' title="bbox 338 2683 1666 2734; baseline 0.003 -18"><span class='ocrx_word' id='word_1_423' title='bbox 338 2684 553 2718; x_wconf 83' lang='lat' dir='ltr'><strong>immutabili</strong></span> <span class='ocrx_word' id='word_1_424' title='bbox 578 2684 649 2718; x_wconf 84' lang='lat' dir='ltr'><strong>oris</strong></span> <span class='ocrx_word' id='word_1_425' title='bbox 672 2683 801 2721; x_wconf 75' lang='lat' dir='ltr'><strong>habitu</strong></span> <span class='ocrx_word' id='word_1_426' title='bbox 827 2691 864 2721; x_wconf 86' lang='lat' dir='ltr'><strong>et</strong></span> <span class='ocrx_word' id='word_1_427' title='bbox 887 2698 967 2721; x_wconf 90' lang='lat' dir='ltr'><strong>cum</strong></span> <span class='ocrx_word' id='word_1_428' title='bbox 989 2687 1099 2722; x_wconf 83' lang='lat' dir='ltr'><strong>animi</strong></span> <span class='ocrx_word' id='word_1_429' title='bbox 1123 2687 1315 2723; x_wconf 81' lang='lat' dir='ltr'><strong>altitudine</strong></span> <span class='ocrx_word' id='word_1_430' title='bbox 1339 2698 1475 2734; x_wconf 76' lang='lat' dir='ltr'><strong>gressus</strong></span> <span class='ocrx_word' id='word_1_431' title='bbox 1500 2686 1666 2722; x_wconf 83' lang='lat' dir='ltr'><strong>tendunt.</strong></span> 
     </span>
    </p>
   </div>
  </div>
 </body>
</html>
