1852 3146
319 89 423 145 232
833 97 1197 142 CANTACUZENI

125 214 164 250 A
177 212 213 248 C.
230 213 312 258 1327
319 223 419 258 τους
445 208 582 262 τηρεῖν
609 194 805 245 sivae-1322·
827 202 874 242 δὲ
894 196 982 250 ἒξ”
964 198 1051 250 ενὸς
1076 200 1368 257 παραβαθτὸσι,
1394 194 1551 262 μηκέτι
1555 196 1628 243 τὸν
1645 199 1738 243 ire-

271 283 402 328 Βρον,
433 266 485 311 ἂν
512 265 737 322 ἀμύνηται,
765 265 986 318 ἐνέχεσθαι
1006 269 1096 312 ταῖς
1123 266 1290 313 αἰτίαις
1318 279 1339 304 ο
1369 256 1420 320 δὴ
1449 265 1520 306 καὶ
1543 259 1738 318 βασιλεὺς

318 335 442 383 αὖτὸς
451 331 634 375 ἐδίκασε
661 329 796 378 καλως
823 328 1015 384 φθάσας.
1062 324 1277 377 λελυκότος
1302 325 1381 383 γάρ·
1410 328 1516 381 ἐμοῦ
1541 325 1651 390 τούς
1666 322 1738 382 ὅρ-

315 414 411 476 κους
439 398 511 438 καί
535 394 611 444 τὰς
637 391 839 445 σπονδὰς,
868 387 1039 448 οὖδεμιᾷ
1066 406 1192 446 φησιν
1219 389 1343 440 αὐτὸς
1369 392 1588 444 ἐνέχεσθαι
1614 391 1737 448 αἰτία,

317 479 386 505 αν
395 478 438 504 τι
463 459 624 517 βλάπτῃ
646 456 909 511 ἀμυνόμενος.
936 471 1004 497 και
1028 455 1147 508 ὑμεῖς
1173 456 1232 508 δὲ,
1260 451 1554 510 ὑπολαμβάνω,
1573 453 1629 497 τό
1658 454 1765 497 ond-5

314 525 359 569 τὸ
387 525 622 581 συμφαίητε
650 521 788 578 ὄρθιος
815 517 867 563 ἂν
894 519 1018 574 ἔγωγε
1045 518 1200 572 εἴποιμι
1226 517 1297 561 και
1322 518 1510 568 δικαίως.
1554 517 1663 562 πάνυ
1692 519 1740 560 δὲ

315 592 448 647 ἡδέως
476 586 688 642 ἐδεξάμην,
718 582 780 628 ὅτι
806 587 879 627 και
899 586 1104 632 Κωκαλᾶς
1131 582 1154 624 ὅ
1180 584 1309 637 μέγας
1315 578 1607 639 λογαριαστῆς
1626 596 1740 636 συμ-

319 655 515 710 πάρεστιν
542 652 655 706 ὑμῖν.
682 653 954 704 συμβαλεῖται
978 647 1058 703 γὰρ
1087 649 1183 700 ἐμοὶ
1208 645 1312 703 πρὸς
1337 645 1412 702 τὴν
1437 643 1660 713 ἀπολογίαν
1687 643 1739 688 οὗ

320 717 449 775 μικρά
483 734 576 760 τινα
619 717 688 758 ἐπι
712 713 971 770 μαρτυρίαν,
1018 710 1300 768 ἀχθησόμενος
1337 705 1398 754 ὧν
1423 713 1560 765 μέλλω
1573 709 1744 766 Mystr·

319 784 454 825 καίτοι
477 798 522 836 γε
550 777 678 829 αὕτὸς
704 777 897 834 κηδεστὴς
924 773 983 819 ὠν
1010 775 1387 833 πρωτοβεστιαρίου
1411 777 1506 818 τοῧ
1522 772 1643 818 θείου
1667 773 1798 820 τοῦιο

320 848 449 901 ἐμοῦ,
491 842 578 899 ὅ,τι
604 860 649 886 τε
671 845 973 899 κατηγοροῦμαι
1009 858 1078 883 και
1113 840 1258 889 ὁποίας
1284 838 1519 917 ποιήσομαι
1534 838 1612 890 ’τας
1640 839 1743 886 ἄτιο-

271 918 276 924 ’
322 914 462 967 λογίας
488 912 732 965 παρεγένετο
761 908 963 960 οἰκοῦσαι,
999 922 1056 955 ως
1083 901 1135 948 ἂν
1159 904 1356 948 εἰδέναι
1339 903 1414 962 ε’χῃ
1440 901 1550 981 πρὸς
1570 901 1646 947 τόν
1669 919 1743 959 κη-

325 971 474 1031 δεστὴν
499 975 671 1031 γράφων
706 974 972 1026 ἀπαγγέλλειν
1011 968 1211 1026 τάληθές.
1260 968 1338 1024 ἐγώ
1363 966 1417 1012 (56
1439 967 1488 1013 τὸ
1516 967 1599 1011 καὶ
1613 965 1743 1013 αὖτὸν

195 1053 231 1090 Ρ.
247 1028 313 1089 ιίιίι
326 1045 516 1096 παρεῖναι
538 1038 719 1092 μάλιστα
737 1035 1004 1092 ἀπεδεξάμην.
1033 1036 1247 1088 σκέψασθε
1273 1034 1412 1076 τοίνυν
1434 1027 1626 1090 οπότερός
1643 1030 1743 1098 πρό-

324 1119 441 1161 τερος
466 1104 730 1158 παραβέβηκε
756 1101 853 1149 τοὺς
883 1097 1052 1156 όρκους.
1093 1102 1322 1177 παρέξομαι
1348 1100 1395 1141 66
1422 1113 1471 1140 ου
1501 1096 1647 1162 λόγους
1673 1091 1797 1145 εῧ-ι5

325 1173 491 1226 πρεπεῑς
519 1165 623 1222 πρὸς
650 1164 727 1221 τήν
755 1164 991 1220 ἀπολογίαν,
1018 1160 1117 1207 ουδὲ
1142 1163 1360 1220 μάρτυρας
1389 1156 1640 1219 ἀνθρώπους
1655 1162 1748 1203 διε-

327 1232 609 1291 φθαρμένους,
633 1227 694 1280 οἷς
721 1225 772 1272 ιῖἷν
793 1246 872 1276 τινι
890 1231 961 1272 καί
981 1226 1166 1271 οἷπιστεῖν
1186 1227 1258 1271 και
1275 1227 1628 1284 παραγραφεσθαι
1646 1229 1750 1279 &gea

326 1315 409 1351 ναι,
437 1299 526 1341 ἀλλ’
555 1294 663 1338 αὐτοὶ
690 1296 741 1338 τὰ
769 1297 972 1348 βασιλέως
998 1292 1223 1350 γράμματα
1248 1291 1552 1349 μαρτυρήσειεν
1578 1291 1624 1334 ἔκ
1650 1295 1750 1334 πολ-

328 1365 404 1405 λοῦ
434 1361 505 1403 καί
529 1364 619 1414 μετ’
648 1361 883 1413 ἐπιμελείας
909 1375 977 1400 και
1006 1359 1220 1415 φροντίδος
1245 1356 1316 1400 τὸν
1343 1355 1448 1412 πρὸς
1473 1357 1548 1409 ἐμὲ
1575 1354 1749 1410 πόλεμον

330 1425 567 1481 κεκινηκώς.
608 1425 678 1466 καὶ
715 1426 875 1478 πρῶτον
913 1421 1212 1477 αναγνωσθὴτω
1249 1421 1349 1477 ἡμῖν
1374 1419 1419 1463 τὸ
1447 1423 1522 1462 τοῦ
1547 1420 1802 1475 βασιλέωςαο

330 1490 597 1550 πρόσταγμα,
624 1485 648 1528 ὃ
675 1488 1031 1544 πρωτοβεστιαράο
1060 1483 1271 1528 απέστειλε
1296 1486 1351 1543 τῷ
1379 1487 1464 1542 ἐμῷ
1489 1486 1614 1543 θείῳ,
1645 1481 1751 1526 'Iov-

335 1556 407 1612 λίω
435 1569 534 1608 μηνι
560 1554 632 1606 τῆς
660 1553 829 1606 δεκάτης
856 1552 1129 1603 ἰνὸικτιωνος,
1182 1548 1278 1603 ἔχον
1306 1548 1378 1592 ἐπι
1401 1551 1546 1599 λέξεως
1573 1549 1751 1591 οὑτωσί·

289 1635 314 1667 Β
337 1617 614 1673 ,,περιπόθητε
643 1616 789 1668 ἄνεψιὲ
814 1617 887 1670 τῆς
912 1614 1125 1668 βασιλείας
1150 1630 1231 1667 μου
1259 1613 1608 1692 πρωτοβεστιάριε
1634 1612 1752 1670 κύριε

330 1679 558 1735 Ἀνδρόνικε
587 1677 863 1732 Παλαιολόγε.
890 1679 916 1734 ἦ
949 1676 1153 1734 ἀναφορα,
1181 1676 1233 1732 ἣν
1262 1678 1459 1734 ἄνέφερες
1491 1694 1540 1746 τη
1563 1679 1755 1736 βασιλεία

426 1770 460 1805 8.
477 1768 567 1814 ὖμῖν
584 1780 670 1801 corr.
689 1779 732 1801 ex
755 1769 864 1812 Intpr.
881 1778 945 1811 pro
973 1766 1070 1813 ἡμῖν.
1142 1780 1173 1813 9.
1199 1767 1292 1813 Lege
1314 1765 1455 1813 μικράν
1475 1777 1560 1801 τινα
1580 1766 1756 1812 ἐπιμαρτ.

429 1827 486 1851 20.
513 1813 729 1855 κεκινηκότα
753 1816 844 1847 coni.
862 1815 933 1847 ΕΟ.
959 1814 994 1848 P.
1088 1813 1180 1859 ὑμῖν
1203 1825 1268 1849 ms.
1293 1814 1404 1858 Intpr.
1428 1814 1545 1848 recita
1563 1812 1741 1859 patribus.

339 1892 420 1927 gum
444 1880 644 1921 vindicarit,
670 1881 770 1914 nullo
798 1881 930 1914 scelere
954 1881 1124 1925 astringi:
1156 1874 1195 1914 id
1220 1879 1317 1925 quod
1342 1882 1449 1913 etiam
1469 1881 1619 1924 ipsemet
1640 1881 1758 1925 impe--

340 1934 435 1961 rator
457 1938 521 1971 pro
546 1927 640 1959 bono
667 1927 884 1970 approbavit.
934 1927 1083 1963 Etenim
1119 1927 1149 1960 si
1185 1937 1248 1970 ego
1274 1925 1399 1958 foedus
1421 1927 1625 1966 violassem,
1666 1932 1703 1959 et
1725 1927 1757 1958 is

342 1973 386 2006 de
410 1984 465 2004 me
489 1973 659 2016 perfidiae
684 1984 815 2016 poenas
837 1965 1002 2011 sumeffit,
1028 1973 1120 2004 nulli
1146 1972 1192 2005 ob
1216 1972 1255 2004 id
1279 1972 1405 2015 culpae
1430 1972 1606 2006 obnoxius
1629 1971 1758 2006 haberi

339 2019 464 2051 voluit.
512 2020 557 2050 Et
579 2018 674 2050 idem
699 2017 788 2050 mihi
812 2029 906 2050 nunc
930 2018 1161 2051 contendenti
1185 2023 1279 2050 recte
1304 2028 1344 2050 ac
1366 2018 1493 2051 merito
1516 2028 1578 2050 vos
1601 2028 1759 2064 quoque,

346 2069 388 2096 ut
409 2063 580 2104 arbitror,
606 2064 861 2100 assentiemini,
916 2061 1174 2096 Periucundum
1197 2074 1300 2107 porro
1321 2062 1410 2096 mihi
1433 2063 1574 2103 accidit,
1597 2074 1668 2096 una
1691 2075 1758 2097 vo-

345 2110 485 2142 biscum
510 2114 546 2141 et
570 2109 732 2141 Cocalam
755 2120 918 2153 magnum
942 2110 1154 2153 logariasteu
1178 2109 1332 2142 venisse:
1384 2109 1447 2153 qui
1470 2108 1612 2142 tametsi
1634 2114 1758 2153 proto-

344 2155 504 2189 vestiarii
526 2155 731 2198 proamitini
752 2156 823 2187 mei
847 2166 945 2188 socer
968 2155 1024 2194 sit,
1049 2167 1122 2188 non
1145 2165 1287 2197 parvam
1309 2153 1511 2190 defensioni
1529 2165 1630 2188 meae
1653 2154 1760 2188 fidem

316 2212 320 2216 ’
348 2199 578 2240 conciliabit,
605 2211 684 2232 cum
706 2201 855 2234 moleste
891 2201 983 2233 feret
1010 2212 1101 2245 quae
1124 2212 1199 2233 sum
1224 2200 1392 2234 dicturus.
1439 2199 1483 2232 Et
1508 2201 1594 2245 quia
1615 2211 1758 2234 accusa-

347 2248 440 2279 tioni
466 2246 766 2290 responsionique
783 2256 883 2278 meae
906 2247 1065 2286 interest,
1090 2247 1223 2290 poterit
1246 2256 1374 2290 genero
1403 2244 1501 2291 quod
1527 2256 1582 2278 res
1618 2252 1672 2279 est
1700 2248 1759 2280 in-

348 2297 445 2335 tegre
471 2291 696 2334 perscribere.
746 2291 853 2335 Quod
885 2292 1021 2324 utinam
1046 2291 1336 2335 protovestiarius
1360 2302 1504 2335 quoque
1527 2291 1605 2334 ipse.
1626 2294 1758 2326 afforet.

349 2337 525 2380 Dispicite
550 2338 668 2380 igitur,
691 2342 769 2369 uter
792 2343 950 2370 nostrum
974 2338 1070 2381 prius
1095 2338 1306 2381 religionem
1328 2335 1481 2369 foederis
1500 2337 1645 2370 exuerit.
1677 2339 1761 2372 Utar

351 2389 469 2415 autem
493 2393 565 2414 non
590 2383 707 2415 fucata
731 2383 890 2416 oratione
922 2382 967 2415 ad
998 2394 1055 2415 me
1081 2383 1280 2422 tuendum,
1323 2393 1389 2414 nec
1421 2387 1529 2415 testes
1567 2382 1763 2426 producam

352 2432 553 2482 corruptos,
601 2427 730 2471 quibus
762 2428 867 2460 fidem
901 2439 1027 2473 negare
1084 2433 1120 2460 et
1146 2439 1250 2474 quos
1245 2437 1478 2460 summovere
1504 2428 1556 2461 fas
1584 2429 1648 2470 sit,
1699 2429 1763 2464 sed

351 2475 442 2517 ipsas
465 2473 517 2507 avi
544 2474 697 2513 litteras,
723 2484 813 2517 quae
840 2474 1021 2507 luculento
1047 2481 1150 2506 erunt
1169 2474 1392 2512 testimonio,
1427 2473 1527 2507 illum
1553 2474 1766 2518 iampridem

351 2519 486 2552 bellum
520 2524 642 2552 contra
673 2529 727 2550 me
760 2518 917 2552 studiose
947 2519 1207 2563 diligenterque
1242 2518 1452 2551 meditatum
1476 2529 1563 2553 esse.
1610 2520 1765 2556 Primum

352 2565 523 2599 recitetur
548 2574 567 2596 a
589 2564 693 2597 nobis
717 2563 761 2596 ad
786 2565 955 2604 verbum,
979 2565 1076 2618 quod
1098 2575 1218 2597 mense
1242 2563 1598 2602 lulio‚1ndictione
1612 2564 1763 2607 decima,

352 2609 555 2643 mandatum
578 2608 623 2643 ad
645 2611 950 2653 protovestiarium
975 2611 1091 2643 misit:
1138 2609 1444 2642 Desideratissimc
1475 2615 1616 2644 nostrae
1648 2612 1765 2646 maie-

353 2656 459 2696 stati,
484 2655 533 2690 mi
557 2666 679 2700 nepos,
704 2655 848 2689 domine
872 2655 1072 2692 Andronico
1097 2655 1301 2700 Palaeologe
1324 2657 1616 2702 protovestiarie3
1657 2668 1763 2702 quam
