1794 3146
294 83 408 152 464
821 99 1188 143 οΑΝΤΛουΖΕΝι

101 205 191 243 Δ.(Ξ.
211 208 372 258 ι33ισης
397 197 475 258 ἤδη
503 201 696 255 λαμπρᾶς
719 202 777 256 τῷ
803 202 1065 259 στρατοπέδῳ
1094 204 1167 245 καί
1197 202 1399 256 δεομένων
1425 198 1453 259 ἢ
1481 202 1717 260 &carceriza-

289 270 392 309 σθαι
419 265 522 320 πρὸς
553 261 650 312 τούς
681 262 932 317 πολεμίους,
974 261 1004 319 ἢ
1028 266 1284 322 ἀναχωρεῖν,
1332 264 1440 310 ὥστε
1477 266 1552 310 καὶ
1583 262 1716 312 αὖτόν

288 332 364 384 τὴν
398 329 556 371 ἔνδειαν
588 329 827 384 συνορῶντα
862 332 1024 378 πολλοῖς
1061 329 1136 385 τὴν
1173 332 1216 380 ἐς
1255 330 1308 374 τὰ
1337 333 1465 374 οἰκεῖα
1493 334 1717 390 ἐπιτρέψαι

289 393 575 449 ἀναχώρησιν,
617 394 890 449 προσεδέξατό
915 409 957 435 τε
983 394 1057 449 τὴν
1081 398 1324 451 πρεσβείαν,
1371 399 1442 440 καί
1467 398 1648 452 ἐγένοντο
1671 397 1717 440 αἱ

287 460 491 514 συνθῆκαι
517 457 588 500 ἐπὶ
607 456 787 513 τούτοις,
829 455 951 500 ,ὥστε
976 459 1217 513 “Ρωμαίους
1247 460 1320 503 καί
1339 461 1521 512 Μυσοῦς
1542 461 1742 519 matjau-5

285 525 388 564 σθαι
410 523 612 576 σπονδὰς,
653 524 724 565 καί
757 525 889 579 μηδὲν
918 523 1120 579 ἀλλήλους
1148 522 1326 568 ἀδικεῖν·
1381 526 1475 570 ἀλλ’
1496 527 1718 583 Ἀγχίαλον

244 589 361 642 Ομὲν
392 585 615 642 ἀπολαβεῖν
647 588 905 644 Ῥωμαίους,
946 590 1174 633 ἀποδοῦναι
1196 592 1242 634 δὲ
1260 591 1521 648 Animam,
1556 592 1719 636 καὶτοῦ

288 655 434 696 λοιποῦ
473 654 638 710 εἰρήνην
668 648 782 708 ἄγειν
803 653 974 709 ἔχοντας
1003 653 1031 697 ἃ
1053 654 1222 710 ἔχουσιν
1246 653 1488 713 ἑκατέρους.
1540 661 1717 702 τοιαῦτα

287 721 366 773 μὲν
385 715 640 776 ἀμφοτέροις
663 725 747 769 τοῖς
774 723 1016 774 βασιλεῦσιν
1036 723 1268 777 ἐγεγένηντο
1293 720 1338 764 αἱ
1362 723 1540 766 σπονδαὶ
1563 720 1717 782 ἕβδόμῃ

288 782 361 826 καὶ
392 783 538 842 δεκάτῃ
575 783 706 840 μηνὸς
733 784 906 827 Ἰουλίου
942 783 1192 839 ἱσταμένου·
1248 787 1320 829 καί
1344 786 1383 828 οῖ
1410 780 1772 843 οἷποληψὸμενοιιο

288 847 364 899 τὰς
385 847 522 900 πόλεις
545 849 618 892 καί
641 847 739 900 τούς
761 846 908 907 ὅρκους
934 852 1129 907 παρῆσαν
1158 848 1366 908 ἑκατέροις
1394 855 1493 910 παρ’
1518 851 1720 909 α’λλὴλων.

157 925 198 961 v.
213 937 279 972 227
400 914 472 967 κζ’.
533 917 614 971 Τῆς
658 911 788 971 αὗτῆς
810 916 855 956 δὲ
880 914 1027 965 νυκτὸς
1051 918 1147 958 καθ’
1167 914 1218 972 ἢν
1244 915 1415 971 ἔμελλον
1437 916 1496 968 εἷς
1513 916 1588 974 τὴν
1603 917 1722 960 ὕστε-

251 978 409 1037 Βραίαν
430 980 755 1036 τελεσθήσεσθαι
781 978 820 1022 οἱ
837 976 962 1037 ὅρκοι,
986 977 1084 1036 ἧκον
1102 980 1207 1038 πρὸς
1226 982 1298 1025 τὸν
1319 983 1593 1039 Ἀλέξανδρον
1615 979 1720 1025 κατὰ

291 1043 537 1098 συμμαχίαν
559 1043 736 1100 στρατιὰ
763 1043 843 1087 ἀπὸ
873 1048 1070 1089 Σκυθῶν.
1124 1043 1177 1103 ἦν
1199 1046 1276 1103 γὰρ
1303 1045 1354 1103 δὴ
1379 1044 1528 1098 azimis·
1547 1063 1721 1105 προσκε-

287 1111 483 1165 κλημένος
510 1108 582 1151 ἐπὶ
605 1112 890 1167 Μπελαοῦρον
921 1109 993 1153 τὸν
1022 1115 1162 1166 θεῖον,
1212 1109 1259 1162 ὃς
1289 1110 1588 1163 διαστασιάσας
1615 1110 1773 1169 πρόςι5

288 1170 418 1216 αὖτὸν
458 1173 531 1216 καί
557 1174 683 1230 μέρος
717 1177 790 1232 τῆς
825 1173 958 1232 ἀρχῆς
1001 1177 1400 1233 παρασπασάμενος,
1450 1177 1634 1234 λυπηρὸς
1668 1173 1721 1233 ἦν

288 1240 359 1281 καί
386 1241 521 1288 κακῶς
543 1242 670 1282 ποιῶν
694 1239 767 1295 τὴν
791 1240 958 1298 χώραν.
995 1244 1169 1296 νομίσας
1205 1245 1250 1285 δὲ
1280 1245 1339 1294 εἷς
1374 1244 1464 1306 δέρν
1482 1241 1722 1300 χρήσεσθαι

287 1307 347 1362 τῷ
379 1307 531 1362 καιρῷ,
575 1305 616 1346 εἰ
649 1303 822 1355 τούτους
856 1307 1113 1362 ἐξαπατήσας
1159 1308 1361 1364 ἐπαγάγοι
1409 1311 1596 1363 βασιλεῖ,
1650 1307 1722 1350 τὸν

287 1372 402 1411 θεῖον
423 1368 560 1423 ἔλεγεν
593 1369 730 1420 αὐτοῖς
754 1371 874 1427 ἐγγυς
899 1378 1115 1429 παρεῖναι,
1171 1368 1207 1433 ᾧ
1238 1375 1330 1416 δέον
1360 1376 1459 1430 πρίν
1492 1375 1723 1416 αἰσθέσθαι

289 1436 501 1477 ἐπελθεῖν·
557 1436 710 1478 ἐκεῖνον
752 1438 798 1480 δὲ
823 1439 953 1493 μηδὲν
984 1435 1120 1480 εἰδότα
1149 1441 1232 1481 τῶν
1252 1439 1526 1494 γεγενημένων
1556 1436 1773 1494 προθύ-αο

172 1510 210 1547 P.
222 1506 379 1554 9811μως
404 1502 653 1556 καταστῆναι
682 1503 740 1551 εἰς
759 1500 830 1544 τὸν
850 1502 1028 1556 πόλεμον
1051 1500 1152 1552 εἰκός
1167 1521 1178 1532 ·
1233 1502 1378 1546 τούτου
1405 1505 1452 1546 δὲ
1488 1503 1719 1558 γενομένου,

283 1567 436 1608 ἐκεῖνον
457 1581 501 1607 τε
527 1566 901 1622 διαφθαρήσεσθαι
925 1566 1054 1624 ῥᾷστα
1084 1569 1341 1624 κρατηθέντα
1362 1568 1438 1624 ὑφ’
1458 1564 1574 1624 ἡμῶν
1593 1562 1721 1610 ὄντων

283 1630 647 1673 πολλαπλασιόνων
674 1632 745 1673 καί
774 1631 885 1687 ἡμᾶς
927 1630 1060 1674 πόνων
1105 1626 1419 1686 ἀπαλλάξεσθαι
1464 1630 1629 1690 μακρὰν
1671 1633 1722 1675 οἷ-

284 1754 359 1777 non
385 1742 618 1776 inhumanam
643 1747 680 1776 et
715 1742 972 1777 admittendam
999 1742 1187 1786 censebat3
1215 1749 1252 1778 et
1273 1745 1359 1791 quia
1381 1744 1574 1779 Anchialus
1592 1744 1720 1780 Diam-

284 1790 361 1834 poli
385 1794 564 1832 praestat,
590 1793 763 1834 quantum
786 1789 858 1823 dici
889 1802 962 1824 non
991 1796 1130 1834 potest:
1157 1790 1288 1825 deinde
1323 1792 1408 1837 quia
1440 1793 1470 1825 si
1501 1791 1589 1838 quid
1610 1792 1719 1826 etiam

285 1836 384 1881 pacis
405 1837 517 1879 gratia
541 1834 585 1868 de
613 1846 676 1868 suo
706 1836 782 1868 iure
808 1837 1010 1870 remitteret
1026 1862 1035 1877 ‚
1056 1848 1130 1870 non
1154 1837 1192 1870 id
1214 1837 1287 1870 sibi
1310 1838 1400 1871 vitio
1420 1836 1543 1881 datum
1565 1838 1612 1871 iri
1636 1838 1719 1882 opi·

286 1882 462 1915 nabatur:
489 1893 568 1915 cum
595 1883 804 1925 praesertim
831 1887 868 1915 et
888 1888 1102 1916 commeatus
1126 1885 1322 1917 exercitum
1353 1883 1564 1925 defecisset,
1601 1889 1638 1917 et
1657 1884 1718 1917 lu-

287 1928 429 1961 culenta
462 1928 612 1972 penuria
657 1928 696 1960 in
724 1929 845 1960 castris
877 1929 1119 1970 laboraretur,
1159 1930 1366 1976 militesque
1405 1935 1467 1963 aut
1502 1941 1582 1978 cum
1612 1929 1718 1964 hoste

287 1975 482 2014 committi,
507 1979 568 2006 aut
590 1973 715 2006 reduci
746 1974 992 2018 obsecrarent3
1017 1981 1058 2008 ut
1080 1981 1117 2009 et
1140 1976 1217 2021 ipse
1252 1975 1494 2010 misericordia
1529 1976 1719 2021 impulsus,

286 2021 410 2054 multis
446 2020 652 2054 missionem
683 2019 803 2060 daret,
828 2022 1000 2065 legationi
1030 2022 1148 2055 locum
1179 2023 1346 2068 reliquit,
1364 2032 1564 2068 ¹pacemque
1590 2022 1628 2055 in
1654 2021 1717 2055 has

289 2066 514 2099 conditiones
538 2067 642 2099 fecit:
669 2072 710 2099 ut
736 2068 899 2100 Romanis
928 2074 965 2101 et
987 2069 1117 2102 Moesis
1141 2067 1269 2102 foedus
1295 2075 1410 2110 esset,
1440 2080 1480 2102 ac
1497 2067 1592 2102 nihil
1609 2069 1718 2102 vicis-

289 2113 356 2145 sim
370 2113 579 2145 iniuriarum
600 2112 796 2146 inferrent:
823 2113 1100 2148 illiAnehialum
1119 2116 1332 2158 reciperent,
1358 2121 1394 2149 et
1409 2126 1475 2160 pro
1489 2125 1530 2148 ea
1545 2115 1719 2159 Diampo-

288 2157 343 2190 lin
365 2164 599 2202 reponerent:
624 2169 664 2191 ac
684 2158 728 2192 de
751 2164 867 2192 cetero
888 2162 1034 2206 utrique
1056 2172 1156 2194 suum
1176 2161 1246 2194 sibi
1260 2160 1446 2201 habentes,
1470 2171 1604 2204 pacem,
1629 2172 1718 2195 con-

290 2204 519 2249 cordiamque
542 2205 709 2237 colerent.
735 2206 798 2238 His
823 2206 1117 2250 legibussoedus
1137 2209 1232 2240 inter
1258 2219 1354 2253 reges
1378 2206 1556 2241 sexdecim
1578 2207 1717 2240 Kalen-

290 2249 352 2283 das
377 2250 527 2283 Sextiles
554 2251 713 2283 iunctum
739 2257 814 2292 est,
840 2264 921 2285 cum
945 2258 1099 2300 uterquc
1133 2258 1170 2287 et
1191 2253 1296 2295 urbi,
1331 2258 1368 2287 et
1395 2258 1614 2287 sacramento
1648 2264 1716 2298 pro

289 2307 328 2329 se
345 2296 561 2341 recipiendis
584 2298 730 2329 vicarios
752 2298 918 2331 dedisset.

378 2354 434 2387 27.
482 2343 530 2375 Ea
552 2353 657 2386 porro
683 2350 806 2385 nocte,
831 2345 887 2377 cui
913 2344 990 2378 dics
1027 2343 1258 2379 iurisiurandi
1285 2344 1426 2385 illuxit,
1452 2343 1602 2388 Scythae
1627 2343 1714 2378 Ale-

289 2389 425 2423 xandro
450 2389 630 2433 suppetias
651 2396 826 2424 venerunt
865 2397 987 2424 contra
1021 2398 1190 2437 patruum
1210 2391 1396 2424 Belaurnm
1417 2389 1461 2424 ab
1488 2402 1530 2424 eo
1555 2391 1713 2432 invitati,

290 2436 354 2480 qui
379 2434 557 2468 seditione
580 2435 776 2476 concitata,
800 2443 973 2483 parteque
1006 2439 1106 2483 regni
1136 2438 1180 2471 ad
1203 2448 1240 2470 se
1273 2437 1413 2476 avulsa,
1438 2442 1474 2470 et
1496 2437 1635 2483 reliqua
1655 2437 1714 2470 di-

288 2480 451 2515 vexanda
472 2482 694 2525 importunus
718 2488 803 2519 erat,
852 2484 1068 2517 Existimans
1089 2490 1208 2518 autem
1222 2495 1259 2516 se
1280 2484 1349 2516 ista
1371 2483 1622 2517 commoditate
1644 2495 1712 2529 op·-

287 2532 440 2573 portune
471 2539 636 2569 usurum,
659 2527 690 2559 si
717 2539 776 2561 eos
804 2529 944 2563 fallacia
967 2530 1117 2576 quadam
1143 2531 1181 2562 in
1207 2531 1456 2574 imperatorem
1478 2529 1710 2570 immitteret,

286 2579 454 2618 patruum
475 2585 587 2618 prope
612 2573 735 2610 adesse
765 2574 877 2616 dixit,
903 2582 940 2609 et
962 2587 1043 2609 eum
1066 2576 1256 2620 improviso
1282 2573 1580 2621 aggrediendum:
1605 2587 1712 2621 quem

286 2621 340 2653 rei
363 2621 474 2653 totius
497 2621 679 2664 ignarum,
713 2622 841 2654 acriter
865 2628 1102 2666 pugnaturum
1133 2622 1180 2655 sit
1209 2623 1420 2665 verisimile3
1452 2621 1514 2654 sed
1541 2633 1561 2655 a
1595 2621 1711 2656 multo

284 2666 449 2710 pluribus
471 2666 640 2702 facillime
655 2672 872 2713 superatum,
896 2674 935 2702 et
950 2668 1180 2704 interfectum
1205 2668 1269 2703 iri:
1297 2674 1334 2703 et
1356 2670 1406 2703 ita
1429 2668 1526 2713 ipsos
1546 2679 1567 2702 a
1586 2667 1711 2702 labore
