1820 3164
302 67 416 145 474
827 79 1193 130 mmmmm

103 193 194 230 ΔΑ.
211 185 566 236 ιδὸδΛυκόστομον
596 182 831 235 πολίσματα
867 181 1008 238 αὐτῆς.
1063 186 1249 242 Σταγοῦς
1278 189 1326 231 δὲ
1353 187 1427 232 καί
1447 187 1628 247 Talna-20
1646 187 1722 236 καὶ

296 250 509 304 Φανάριον
527 249 601 289 καί
620 244 814 300 Δαμάσιν
843 247 916 288 καί
949 242 1173 305 Ἐλοισῶνα,
1201 251 1231 294 οἳ
1254 251 1337 296 ὑπὸ
1358 256 1399 298 Γ
1396 251 1720 311 αβριηλότωυλον

293 315 477 366 ἐτέλουν,
502 312 573 354 καί
597 313 715 367 ἓτερα
745 310 925 368 φρούριά
954 328 1047 355 τινα
1073 313 1097 356 ὅ
1129 316 1203 370 τῆς
1230 317 1504 376 Ἀκαρνανίας
1527 313 1671 374 ἅρχων
1697 315 1720 360 ὅ

295 377 493 432 δεσπότης
524 375 714 432 Ἰωάννης
731 375 755 418 ὅ
774 376 873 429 δοὺξ
907 377 1078 434 φθάσας
1103 381 1385 438 παρεστήσατο
1415 382 1622 441 ὁμολογίᾳ.
1648 383 1723 424 καὶ

293 440 512 497 κατασχών
547 447 775 498 φρουραῖς,
820 443 1051 499 ἐπανῆλθεν
1076 446 1136 495 εἷς
1166 441 1466 504 Ἀκαρνανίαν.
1524 446 1745 504 panaces-5

295 509 342 551 δὲ
371 506 463 550 ἐπεὶ
483 505 658 550 ἐπύθετο
685 506 738 549 τοὶ
767 506 869 550 κατὰ
901 508 1148 565 Θετταλίαν,
1197 509 1302 567 ἔγνω
1331 513 1417 556 δεῖν
1453 514 1544 557 ἐκεῖ
1575 529 1713 568 παρα-

293 575 507 629 γενέσθαι.
563 576 635 616 καί
664 570 785 632 ὄλίγῳ
828 570 1006 630 ὕστερον
1035 574 1194 630 ἐλθών,
1236 573 1320 621 εἷλε
1351 579 1486 622 πάντα
1512 573 1592 621 ὅσα
1617 576 1721 620 ὕπε-

294 639 494 694 ποιὴσατο
532 636 554 680 ὅ
595 638 715 689 δούξ.
778 637 851 681 καί
885 639 983 689 τούς
1020 639 1235 697 φρουροὺς
1277 641 1484 697 ἐκβαλών,
1526 638 1721 699 ἠδίκησεν

297 704 443 747 οὐδέν·
500 700 589 748 ἀλλ’
619 701 667 746 εὖ
694 703 894 760 ποιήσας,
941 705 1182 760 ἀπέπεμψεν
1206 708 1266 757 εἷς
1294 706 1370 764 τήν
1399 708 1576 752 οἰκείαν.
1628 708 1722 750 δια-

259 772 490 826 Βτρίβοντα
523 770 568 812 δὲ
596 770 640 812 ἐν
674 769 881 828 Θετταλίᾳ
911 772 1088 824 βασιλέα
1130 770 1171 814 οἱ
1200 771 1253 815 τοὶ
1288 771 1427 828 ὀρεινοὶ
1460 774 1534 828 τῆς
1558 771 1773 817 Gerra-10

293 835 386 886 λίας
410 832 623 889 νεμόμενοι
655 836 850 890 ’Λλβανοί
875 835 1139 890 ἀβασίλευτοι
1155 836 1430 881 Μαλακάσιοι
1460 837 1532 881 καί
1563 835 1720 880 1Ι1πουᾏ

293 905 353 944 ϊοι
377 902 448 943 καὶ
464 900 706 957 Μεσαρίται
730 899 812 944 ἀπὸ
830 904 912 944 τῶν
934 903 1165 959 φυλάρχων
1185 902 1602 961 προσαγορευόμενοι,
1623 902 1723 958 περὶ

296 966 527 1022 δισχιλίους
567 965 638 1008 καί
676 970 854 1024 μυρίους
894 962 1032 1022 ὄντες,
1076 967 1388 1026 προσεκύνησαν
1427 966 1618 1018 ἐλθόντες
1651 968 1723 1008 καὶ

297 1030 527 1086 ὑπέσχοντο
557 1031 815 1076 δουλεύσειν.
846 1034 1106 1076 ἐδεδοίκεσαν
1135 1034 1213 1092 γὰρ
1246 1033 1332 1090 μὴ,
1365 1035 1568 1090 χειμῶνος
1602 1034 1722 1076 ἐπελ-

297 1097 468 1150 θόντος,
528 1098 825 1154 διαφθαρῶσιν
865 1097 945 1141 ὑπὸ
988 1100 1073 1142 τῶν
1104 1100 1349 1155 Ῥωμαίων,
1410 1095 1486 1142 ἅτε
1515 1098 1631 1141 πόλιν
1662 1092 1776 1141 οἶ-15

298 1165 465 1213 κοῦντες
513 1163 738 1218 οὐδεμίαν,
779 1165 872 1207 ἀλλ’
910 1159 1046 1221 ὄρεσιν
1084 1164 1418 1223 ἐνδιατρίβοντες.
1450 1165 1526 1208 καί
1556 1164 1727 1221 χωρίοις

299 1226 620 1285 δυσπροσόδοις,
648 1223 709 1272 ὧν
738 1226 1047 1286 ἀναχωροῦντες
1081 1233 1159 1273 τοῦ
1188 1233 1395 1286 χειμῶνος
1424 1229 1496 1274 διὰ
1523 1227 1573 1273 τὸ
1602 1228 1726 1285 κρύος

300 1296 374 1336 καί
397 1291 474 1349 τήν
495 1293 644 1348 χιόνα,
689 1289 856 1337 ἄπιστόν
890 1313 980 1338 τινα
1012 1298 1058 1339 ἐν
1082 1302 1167 1346 τοῖς
1194 1291 1332 1353 ’ὄρεσιν
1354 1297 1527 1345 ἐκείνοις
1552 1296 1727 1352 νιφομέ-

300 1375 394 1415 νην,
431 1356 734 1416 εὖεπιχείρητοι
761 1359 932 1403 ἔσεσθαι
955 1361 1150 1404 ἐδόκουν.
1187 1360 1385 1415 βασιλεύς
1414 1363 1462 1405 δὲ
1488 1363 1648 1405 ἐκεῖθεν
1676 1356 1727 1401 ἆ-

300 1425 499 1476 ναζεύξας
528 1420 656 1479 ἦλθεν
686 1427 746 1476 εἷς
779 1425 1107 1481 Θεσσαλονίκην.
1144 1428 1216 1469 καί
1242 1429 1331 1480 μετ’
1361 1425 1409 1468 οὗ
1439 1425 1592 1476 πολλὰς
1622 1423 1779 1480 ‚jab-20

299 1506 378 1546 ρας
404 1489 623 1547 πρεσβείαν
654 1489 758 1546 πρὸς
783 1489 910 1532 αὐτὸν
940 1490 962 1533 ὅ
992 1491 1166 1548 Κράλης
1196 1490 1449 1547 πεπομφώς,
1478 1487 1594 1546 ἧξίου
1626 1493 1725 1531 καθ’
1762 1497 1765 1499 ’

272 1554 353 1601 Οὸν
379 1553 430 1599 ἂν
458 1557 597 1613 δοκοίη
626 1555 751 1598 τόπον
776 1558 1018 1610 γενομένους
1049 1558 1093 1599 ἐν
1117 1558 1258 1615 tadu&
1292 1556 1435 1613 φιλίας
1467 1558 1610 1610 ἕνεκα,
1651 1552 1727 1597 ἆλ-

300 1622 440 1677 λήλοις
467 1637 513 1663 τε
543 1623 798 1677 συνησθῆναι
823 1623 896 1664 καί
925 1620 1090 1674 ὁμιλίας
1111 1623 1184 1677 τῆς
1210 1618 1398 1677 ἀλλήλων
1428 1622 1500 1664 καί
1529 1618 1728 1674 συντυχί-

303 1702 352 1736 ας
381 1682 631 1731 οἷπολαῦσαι.
688 1684 779 1728 ἐπεὶ
809 1688 856 1729 δὲ
884 1685 957 1728 καί
984 1689 1155 1740 βασιλεῖ
1176 1688 1297 1729 τοῦτο
1328 1681 1462 1728 ἐδόκει
1493 1683 1599 1728 κατὰ
1623 1682 1728 1740 yvo-5-

395 1786 537 1870 3511.)Βὲ
563 1790 620 1823 his
651 1788 799 1824 Albanis
846 1793 883 1823 et
900 1788 996 1822 'aliis
1019 1788 1253 1823 inferioribus
1275 1786 1582 1832 Chalcocondylas
1599 1785 1666 1821 lib.
1690 1785 1725 1825 7.

306 1912 467 1953 Castrin,
494 1912 742 1955 Lycostomum
765 1914 871 1958 cepit.
921 1913 1043 1959 Stagos
1067 1924 1174 1953 vero,
1203 1912 1370 1954 Tricala‚
1396 1911 1626 1952 Phanai-ium,
1652 1912 1727 1946 Da-

306 1960 444 2000 masin,
469 1959 678 2000 Elasonem,
705 1970 795 2005 quae
821 1961 860 1993 in
885 1958 1024 1994 ditione
1050 1959 1230 1993 Gabrielis
1256 1963 1376 1999 erant,
1401 1963 1438 1992 et
1460 1958 1530 1991 alia
1554 1957 1728 2003 quaedam

308 2006 453 2039 castella
489 2005 705 2039 Acarnaniae
739 2005 889 2050 despota
915 2007 1064 2039 loannes
1089 2005 1162 2039 dux
1188 2011 1294 2039 antea
1319 2016 1385 2050 per
1401 2003 1639 2038 ‘deditionem
1665 2015 1728 2037 oe-

308 2057 475 2096 cuparat,
499 2052 617 2098 iisque
640 2052 819 2095 praesidio
844 2053 1010 2093 firmatis,
1034 2053 1073 2086 in
1098 2052 1330 2085 Acarnaniam
1354 2055 1555 2084 reverterat.
1607 2051 1729 2094 Impe-

308 2103 405 2131 rator
429 2108 546 2132 rerum
572 2096 856 2132 Thessalicarum
879 2100 1016 2132 nuntiis
1042 2099 1179 2132 excitus
1205 2109 1247 2131 eo
1269 2096 1565 2143 proficiscendum
1588 2096 1726 2138 statuit3

308 2145 490 2190 pauloque
514 2150 597 2189 post
619 2145 766 2178 veniens
792 2146 910 2178 omnia
947 2156 1037 2192 quae
1064 2145 1136 2178 dux
1173 2145 1361 2190 subegerat
1397 2143 1532 2188 recepit
1571 2143 1727 2176 eiectos-

309 2201 380 2236 que
404 2191 653 2235 praesidiarios
678 2191 868 2224 inoffensos
885 2217 894 2233 ,
920 2198 956 2225 et
982 2196 1076 2225 recte
1100 2191 1266 2236 quidem,
1291 2190 1435 2224 domum
1458 2187 1606 2222 remisit.
1633 2188 1724 2222 Ver-

311 2241 446 2270 santem
470 2237 508 2269 in
534 2236 718 2270 Thessalia
741 2238 993 2282 imperatorem
1008 2263 1018 2279 ,
1053 2237 1115 2284 qui
1138 2242 1306 2270 montana
1336 2237 1411 2270 eius
1435 2235 1535 2268 nullo
1560 2244 1641 2279 rege
1666 2234 1726 2267 in-

311 2283 435 2316 colunt
457 2282 606 2323 Albani,
631 2283 811 2316 Malacasii
827 2309 836 2324 ‚
864 2285 963 2318 Bovii
1007 2289 1043 2317 et
1074 2284 1264 2317 Mesaritae
1289 2294 1310 2316 a
1333 2281 1487 2316 tribunis
1513 2281 1564 2313 sic
1590 2291 1725 2324 cogno·
1764 2289 1765 2297 ¹

311 2329 459 2369 minati,
482 2329 528 2362 ad
553 2328 742 2362 duodecim
765 2331 892 2371 millia,
917 2331 1109 2364 salutatum
1131 2334 1306 2363 venerunt
1331 2333 1367 2361 et
1390 2338 1454 2360 sua
1480 2325 1597 2359 eidem
1621 2326 1729 2359 obse-

338 2376 398 2409 uia
416 2375 641 2409 detulerunt:
668 2376 844 2409 timebant
857 2378 953 2410 enim
970 2388 1016 2410 ne
1033 2387 1097 2421 per
1119 2375 1272 2409 hiemem
1283 2378 1503 2420 praesentem
1526 2383 1547 2404 a
1563 2372 1728 2405 Romanis

312 2388 534 2462 delerentur,
559 2426 683 2466 utpote
707 2423 833 2456 urbem
856 2424 993 2456 nullam
1016 2423 1221 2456 habitantes
1237 2447 1247 2463 ‚
1270 2420 1332 2454 sed
1355 2421 1395 2453 in
1418 2420 1591 2452 montosis
1610 2422 1647 2450 et
1668 2419 1729 2451 in-

312 2468 380 2500 viis
417 2469 640 2510 vietitantes,
668 2481 687 2503 a
718 2470 849 2514 quibus
881 2481 945 2514 per
978 2469 1130 2502 hiberna
1162 2473 1307 2514 propter
1346 2466 1454 2510 frigus
1488 2470 1525 2498 et
1556 2465 1655 2496 nives
1690 2464 1729 2496 in

313 2514 496 2548 montibus
528 2515 601 2548 illis
637 2516 822 2549 altissimas
856 2515 1027 2559 digressi,
1066 2515 1170 2548 facile
1206 2513 1360 2558 opprImi
1385 2523 1421 2545 se
1445 2521 1549 2555 posse
1572 2510 1727 2543 arbitra—

314 2561 455 2594 bantur.
510 2560 708 2605 Imperator
742 2562 827 2595 inde
852 2562 1143 2595 Thessalonicam
1175 2559 1352 2605 repetivit.
1407 2557 1508 2590 Brevi
1539 2556 1725 2589 intervallo

315 2607 436 2640 Crales
461 2618 524 2651 per
547 2608 680 2652 legatos
706 2609 821 2652 petit,
849 2614 890 2641 ut
912 2609 950 2640 in
974 2619 1044 2653 quo
1069 2608 1225 2652 placeret
1251 2606 1349 2645 loco,
1375 2603 1574 2642 amicitiae,
1600 2601 1728 2635 hilari-

315 2653 400 2686 tatis
428 2658 464 2686 et
487 2655 686 2689 commercii
712 2655 1064 2699 collocutionumque
1088 2663 1192 2687 causa
1228 2651 1467 2687 convenirent.
1516 2649 1607 2684 Cum
1634 2647 1730 2682 idem
