1832 3138
517 92 902 137 ms‘romAmm
950 98 985 139 1.
1013 101 1081 142 21.
1375 63 1377 66 ¹
1440 99 1459 133 1
1471 98 1542 153 07

81 263 125 306 οῖ
152 263 201 306 δὲ
226 257 402 318 ἅσμενοι
429 260 649 318 δεξάμενοι
674 261 749 306 τὸν
775 261 909 318 λόγον,
952 266 1027 306 καί
1050 265 1282 322 μονονουχὶ
1306 263 1549 318 Βυζαντίου

45 357 53 366 „
83 324 280 382 δῖξαντες
298 329 612 387 κεκρατηκέναι,
638 329 1002 387 παρεσκευάζοντο
1022 329 1128 387 πρὸς
1145 330 1222 388 τὴν
1244 331 1430 389 πορείαν.
1459 333 1554 374 ἐπεὶ
1565 341 1592 376 C

47 443 49 445 ¹
82 394 133 438 ’δὲ
169 391 249 436 οὔκ
284 391 564 451 ἠδυνήθησαν
601 394 681 452 τὴν
721 394 829 453 πρὸς
859 395 1174 452 Θεσσαλονίκην
1202 393 1378 440 ἑλέσθαι
1407 405 1555 440 πεῖσαι

48 456 161 516 ’ςτὴν
186 457 414 518 στρατιὰν,
467 461 693 518 συνεώρων
730 477 775 505 τε
803 456 885 518 ἤδη
913 462 973 520 τῷ
1008 465 1283 521 πρεσβυτέρῳ
1313 467 1488 518 βασιλεῖ
1510 465 1554 514 ἐς

82 526 278 570 κίνδυνον
302 525 357 570 τοὶ
375 524 618 585 ῥπράγματα
644 528 923 586 χωρήσοντα,
953 524 1045 582 ἅμα
1074 530 1134 586 τῷ
1161 528 1329 588 μεγάλῳ
1359 532 1556 584 δομεστί-

81 607 141 652 κῳ
163 591 188 635 ὅ
204 590 408 653 βασιλεῦς
427 592 734 649 ἐβουλεύσαντο
756 596 816 653 τῷ
838 596 1112 653 πρεσβυτέρῳ
1133 598 1308 649 βασιλεῖ
1325 594 1395 637 διὰ
1416 612 1553 652 γραμ-

79 657 229 714 μάτων
248 657 400 717 ’κρύφα
427 658 507 716 τὴν
527 659 683 718 ἔφοδον
711 657 856 703 αὐτῶν
885 662 1088 718 δηλῶσαι.
1123 657 1226 718 ὅπερ
1256 661 1297 703 εἰ
1322 661 1554 717 κατάδηλον

36 784 37 787 ¹
81 727 324 782 συνηνέχθη
349 726 562 782 ’γενέσθαι
597 727 650 785 τῇ
677 728 878 786 στρατιᾷ,
935 727 1123 784 τάραχον
1161 725 1215 770 ἂν
1242 727 1437 782 ἐποίησεν
1478 724 1554 768 οὐκ

54 789 250 847 οδλίγον,
287 790 348 845 ὥς
386 791 470 836 ὑπὸ
506 794 592 837 τῶν
619 794 839 851 σφετέρων
867 792 1085 851 ἀρχόντων
1112 794 1557 850 καταπροδιδομένοις.

35 894 37 898 .
79 857 238 917 γράφει
266 856 319 916 δὴ
346 857 549 915 βασιλεὺς
567 858 590 903 ὅ
614 860 716 914 νέος,
745 862 825 903 τοῦ
850 860 1036 915 μεγάλου
1060 860 1307 915 δομεστίκου
1334 858 1387 902 τοὶ
1416 858 1557 916 γράμ-

78 941 199 980 ματα
217 924 570 983 ἐγχαράττοντος,
584 928 643 986 τῷ
662 924 819 987 πάππῳ
842 929 1034 970 τοιαῦτα·
1061 921 1126 982 „ai
1144 926 1343 970 θειότατε
1363 928 1556 981 βασιλεῦ,

81 986 221 1048 ὥσπερ
250 991 466 1047 πολλάκις,
495 992 570 1036 καὶ
593 995 670 1037 νῦν
689 991 790 1036 θεὸν
811 992 1162 1051 ἐπιμαρτύρομαι
1188 1000 1279 1043 τοῖς
1303 992 1557 1048 λεγομένοις,

26 1089 30 1092 -
80 1055 142 1108 αἷς
166 1052 262 1100 ‘01²1'ss
287 1054 438 1102 αὖτόθι
463 1058 616 1117 παρών
654 1061 828 1119 ἐμαυτῷ
866 1077 908 1102 τι
936 1058 1118 1103 σύνοιδα
1145 1058 1253 1118 πρὸς
1281 1058 1361 1117 σῆν
1389 1058 1600 1116 ἔχθρανΙ)

53 1123 408 1184 ὄέξειργασμένφ,
447 1119 538 1168 οὔτ’
561 1125 636 1169 ἐπὶ
659 1125 827 1177 τούτοις
854 1123 1042 1184 ἀπέστην
1071 1125 1130 1178 αἷς
1157 1125 1297 1186 τρόπῳ
1326 1125 1454 1169 παντί
1479 1143 1558 1169 κα-

0 1187 3 1220 ἶ
24 1235 26 1238 ,
80 1187 230 1234 xoium*
254 1188 308 1234 τὰ
332 1189 415 1234 σά·
442 1191 534 1235 ἄλλ’
561 1192 632 1237 ἵνα
659 1190 788 1248 μόνον
813 1191 890 1237 τὸν
920 1195 1208 1252 ἐπηρτημένον
1234 1196 1334 1249 ἐμοί
1359 1195 1557 1236 κίνδυνον

81 1256 256 1313 δυνηθῶ
284 1259 534 1316 διαφυγεῖν.
583 1258 682 1303 νυνὶ
706 1261 754 1302 δὲ
780 1262 906 1302 τοῦτο
934 1262 1014 1315 μὲν
1053 1262 1153 1316 ἐμοὶ
1178 1262 1394 1318 περίεστιν
1422 1263 1470 1303 ἐν
1497 1261 1558 1319 τῷ

80 1318 275 1386 ἀσφαλεῖ
296 1317 412 1380 ὄντι,
458 1326 507 1369 σὲ
535 1327 578 1368 δ’
604 1328 652 1369 ἐκ
675 1328 752 1369 τοῦ
779 1326 970 1371 ἐναντίου
1000 1326 1120 1386 παρὰ
1147 1328 1289 1371 πᾶσαν
1317 1324 1425 1383 ἐμὴν
1453 1325 1559 1382 βού-

2 1398 19 1447 ‚72
79 1391 204 1446 λησιν
222 1387 246 1433 ὅ
273 1391 469 1443 κίνδυνος
493 1394 777 1451 περιέστηκεν.
805 1392 897 1437 ἶδοὺ
925 1393 1021 1452 γὰρ,
1050 1393 1165 1455 πάσῃ
1187 1391 1456 1452 χρησάμενος
1475 1410 1558 1449 μη-

0 1452 196 1518 ,Ᾰζόχανῇ
223 1453 333 1501 ὅστε
360 1458 439 1516 τήν
466 1458 667 1518 στρατιὰν
694 1458 802 1517 πρὸς
824 1459 904 1517 τὴν
926 1458 1110 1519 ἑσπέραν
1129 1462 1374 1519 τραπέσθαι
1397 1464 1557 1513 πεῖσαι,

7 1530 11 1532 ’
84 1520 310 1575 ἀδυνάτως
336 1523 490 1582 ἔσχον.
540 1527 698 1583 ἀνάγκη
727 1524 780 1583 δὴ
808 1530 927 1571 πᾶσα
955 1527 1058 1583 ὑμῖν
1085 1530 1302 1572 ἐπελθεῖν.
1356 1525 1439 1583 ἐγώ
1477 1528 1558 1581 μὲν

77 1585 464 1649 οὖνσχολαίτερον
489 1595 731 1648 βαδιοῦμαι
757 1601 897 1638 νοσεῖν
925 1593 1234 1649 πλαττόμενος·
1263 1591 1476 1649 εἰσβαλὼν
1508 1594 1557 1635 δὲ

79 1657 343 1716 πειράσομαι
369 1657 446 1716 τήν
474 1661 678 1717 ταχίστην
706 1656 960 1718 ἀναχωρεῖν.
986 1662 1059 1705 ool
1085 1663 1126 1704 δ’
1143 1663 1190 1705 ἐν
1211 1659 1393 1720 τοσούτῳ
1416 1675 1555 1718 φρου-

178 1760 232 1784 ¹0.
257 1749 617 1798 καταπροδιδομένη
642 1752 738 1786 coni.
761 1751 839 1790 En.
867 1751 924 1793 P„
954 1750 1020 1785 sed
1043 1751 1141 1785 nihil
1164 1750 1390 1785 mutandum.

81 1817 314 1863 temperandi
338 1818 460 1854 faeere
480 1820 714 1862 annuissent,
737 1820 1090 1864 Constantinopolin
1111 1821 1165 1853 ire
1186 1821 1368 1866 permisit.
1415 1821 1554 1855 Vocem

84 1866 165 1899 eius
194 1865 333 1900 milites
369 1867 632 1911 gratulabundi
663 1867 876 1913 excipiunt,
919 1872 957 1901 et
990 1868 1204 1911 Byzantium
1235 1873 1377 1901 tantum
1409 1879 1485 1901 non
1513 1869 1554 1902 in

82 1910 255 1948 manibus
277 1912 350 1958 iam
382 1924 421 1948 se
445 1912 585 1948 habere
618 1914 832 1960 opinantes,
874 1914 946 1948 iter
967 1920 1108 1958 parant.
1168 1915 1262 1959 Ergo
1300 1915 1473 1960 quoniam
1505 1915 1553 1948 ab

83 1959 248 1995 exercitu
276 1959 476 2007 impetrare
502 1961 778 2008 nequivissent,
810 1965 852 1995 ut
876 1960 1174 1996 Thessalonicam
1201 1961 1285 1995 duci
1309 1962 1459 2004 mallet,
1491 1963 1554 1996 in-

81 2005 376 2054 telligebantque
405 2008 590 2044 seniorem
623 2010 879 2054 imperatorem
907 2009 1034 2042 venire
1063 2009 1104 2042 iu
1165 2009 1361 2050 ericulum,
1405 2008 1486 2054 ipse
1515 2014 1555 2043 et

82 2065 235 2101 magnus
263 2053 486 2090 domesticus
511 2055 602 2090 clam
626 2056 733 2089 illum
757 2066 824 2100 per
845 2055 1038 2100 epistolam
1061 2055 1106 2089 de
1134 2020 1206 2089 lioc
1237 2054 1397 2090 adventu
1422 2055 1552 2090 admo-

82 2113 172 2136 nere
201 2101 413 2137 decernunt.
480 2102 524 2137 Id
552 2104 584 2137 si
615 2103 720 2136 miles
752 2102 1007 2146 comperisset,
1044 2108 1229 2149 tamquam
1267 2114 1289 2136 a
1317 2102 1551 2149 principibus

83 2149 160 2184 suis
190 2146 380 2195 Proditus,
416 2161 507 2196 quas
529 2161 605 2184 non
632 2150 757 2184 turbas
785 2149 1004 2183 excitasset?
1048 2150 1138 2183 Eam
1164 2150 1356 2196 epistolam
1387 2150 1550 2184 dictante

82 2197 303 2241 imperatore
325 2195 471 2231 iuniore
492 2197 714 2232 domesticus
737 2202 861 2231 exarat
877 2197 918 2231 in
937 2196 1028 2230 haec
1049 2197 1176 2232 verba:
1209 2199 1257 2231 Ut
1288 2196 1444 2232 antehac
1465 2209 1547 2232 sae-

83 2244 168 2290 pius
182 2268 194 2285 ,
227 2243 282 2277 sic
300 2255 400 2278 nunc
421 2244 541 2279 Deum
558 2244 741 2279 dictorum
765 2249 896 2278 testem
918 2244 1085 2290 appello,
1120 2245 1360 2279 sacratissime
1386 2245 1548 2290 impera-

83 2295 163 2332 tor,
199 2301 322 2337 neque
350 2303 432 2326 cum
461 2291 541 2326 illic
565 2292 755 2338 degerem,
791 2291 964 2326 facinoris
990 2292 1174 2326 conscium
1200 2292 1336 2334 fuisse,
1378 2292 1434 2325 tui
1458 2293 1546 2327 odio

84 2337 256 2380 admissi,
294 2349 417 2385 neque
437 2338 522 2374 ideo
549 2339 637 2374 inde
663 2339 817 2380 abiisse,
850 2344 892 2373 ut
922 2339 1023 2373 omni
1053 2341 1196 2374 ratione
1226 2338 1447 2374 detrimenta
1476 2340 1548 2374 tibi

84 2384 316 2420 inveherem:
341 2385 407 2420 sed
427 2385 475 2420 ob
495 2385 535 2420 id
553 2387 683 2429 solum,
712 2392 754 2420 ut
772 2385 988 2431 impendens
1014 2387 1215 2422 cervicibus
1239 2388 1330 2421 meis
1350 2387 1547 2421 discrimen

85 2435 298 2479 effugerem3
333 2432 435 2480 quod
464 2433 614 2481 quidem
644 2434 726 2468 loco
758 2445 884 2467 securo
914 2434 1134 2468 constitutus
1171 2435 1300 2480 effugi3
1338 2440 1376 2469 te
1407 2440 1546 2475 contra,

85 2491 143 2514 me
172 2479 335 2526 quamvis
361 2481 510 2525 penitus
533 2482 708 2523 nolente,
744 2480 938 2514 discrimen
969 2482 1134 2516 involvit.
1183 2483 1275 2516 Ecce
1308 2482 1427 2522 enim,
1463 2493 1546 2514 cum

84 2525 184 2561 nibil
205 2537 283 2562 non
304 2528 496 2569 tentarint,
531 2535 575 2563 ut
604 2529 782 2563 exercitui
805 2529 845 2562 in
874 2528 1101 2563 occidentem
1124 2531 1318 2564 transitum
1343 2528 1545 2574 persuade-

85 2585 182 2615 rem,
217 2573 314 2609 nihil
340 2574 409 2620 egi.
455 2574 530 2609 Nos
555 2576 669 2623 igitur
692 2581 819 2610 contra
841 2580 879 2609 te
895 2575 1022 2610 venire
1045 2588 1194 2611 necesse
1219 2581 1274 2611 est
1289 2577 1448 2609 omnino.
1497 2574 1546 2609 At

85 2632 153 2668 ego
168 2620 336 2656 morbum
358 2621 531 2656 simulans
544 2649 554 2665 ,
590 2623 726 2658 lentius
743 2622 1044 2665 castrametabor‚
1078 2629 1116 2657 et
1134 2630 1217 2669 post
1236 2624 1395 2669 primum
1419 2624 1546 2656 incur-

87 2679 166 2702 sum
186 2668 281 2703 ‹labo
299 2678 467 2714 operam,
494 2675 538 2704 ut
549 2671 726 2704 citissime
738 2670 918 2704 recedam.
968 2670 1055 2704 Tibi
1078 2672 1220 2705 interea
1238 2670 1417 2717 palatium
1439 2679 1544 2714 prae-

86 2713 183 2750 sidio
203 2716 344 2751 firmare
367 2715 518 2759 licebit,
553 2718 742 2765 portisque
766 2717 870 2754 urbis
907 2729 998 2764 quos
1027 2717 1141 2753 habes
1170 2719 1226 2753 tui
1258 2717 1541 2752 studiosissimos

52 179 55 218 s
80 199 210 241 θεντο
236 197 357 257 δρᾷν,
380 186 460 253 vir
486 197 549 251 ἐἰς
585 195 665 254 τὴν
704 198 1150 242 Κωνσταντινούπολιν
1185 199 1318 257 ἐφῆκε
1358 200 1544 256 πορείαν.
1557 211 1647 248 Α,(;,
1664 213 1746 249 1321
