1852 3146
540 98 920 147 msa-omnum
962 106 995 152 ι,
1036 108 1107 149 aa.
1452 76 1561 134 205

67 227 71 234 ¹
101 204 282 267 ’γάμοις
289 205 346 254 ra
346 207 647 290 νενομισμένα
673 206 944 261 τελεσθῆναι,
983 204 1069 247 καὶ
1090 197 1253 247 Ἀνναν
1270 200 1346 259 τήν
1365 199 1764 256 &unewano-1326

98 296 100 298 ¹
113 274 314 333 flaccinis
341 273 518 329 ἔστεψεν
542 272 567 315 ὅ
599 273 754 328 ταύτης
781 270 903 328 ἀνήρ.
944 269 1048 326 μετὰ
1077 271 1123 313 δὲ
1144 268 1190 312 τὸ
1222 285 1300 325 την
1322 270 1406 311 τῶν
1427 283 1566 323 γαμη-

64 398 67 400 ,
113 343 219 384 λίων
230 337 385 398 ἑορτὴν
410 339 705 396 παραδραμεῖν
730 354 813 380 των
835 353 943 391 μετα
972 337 1046 392 τῆς
1062 335 1280 390 βασιλίδος
1303 334 1350 376 ἐκ
1368 332 1566 387 Σαβωΐας

113 404 323 450 ἐλθόντων
353 405 523 463 α’νδρῶν
544 420 591 446 τε
617 420 688 446 και
713 419 920 458 γυναικων
946 401 987 444 οἱ
1014 401 1162 443 πολλοι
1191 401 1270 452 μὲν
1301 415 1361 448 εις
1393 396 1468 453 τήν
1505 397 1567 439 οἶ-

41 456 234 518 Ι’5κείιιιν
253 472 505 528 ἐπανῆλθον·
533 469 702 524 ἔμειναν
727 470 774 510 δὲ
791 472 882 522 μετ’
905 467 1040 522 αὖτῆς
1062 462 1201 520 ὀλίγον
1221 467 1332 513 τινὲς
1348 481 1417 505 και
1412 463 1600 516 Ζαμ-Ῑ)

74 541 196 581 -πέα
221 535 303 592 μία
325 553 411 579 των
434 536 643 592 γυναικῶν
664 531 755 589 ἅμα
780 539 865 584 τοῖς
889 533 1012 585 υἱέσι,
1043 531 1240 588 φρονήσει
1264 546 1308 572 τε
1333 527 1567 585 ὑπερέχου-

52 597 65 637 ’ἶ
111 615 169 648 ’σα
197 601 277 654 τὰς
307 597 449 657 αλλας,
475 619 547 645 και
576 605 806 663 βασιλικοῖς
838 599 967 649 οἴκοις
995 596 1067 640 διά
1099 607 1146 640 τε
1167 597 1361 638 παιδείαν
1387 611 1457 637 και
1489 592 1567 649 τὴν

61 663 63 665 ’
111 665 245 727 αλλην
278 669 595 725 ἐπιτηδειότητα
629 669 850 725 πρέπουσα
886 663 1178 745 ἐνδιατρίβειν.
1235 665 1282 705 ἐκ
1310 662 1457 715 μέντοι
1480 664 1568 703 Σα-

110 735 245 791 βωΐας
271 735 350 777 ουκ
377 733 509 790 ὀλίγοι
529 751 614 777 των
639 732 907 790 ευπατριδῶν
924 747 983 781 εις
1008 728 1087 784 τὴν
1111 728 1342 781 εΡωμαίων
1362 724 1567 783 ἀφικνού-

31 839 34 854 2
64 796 245 857 puerve,
274 803 346 859 ἐφ’
366 796 464 844 ὅσον
486 799 719 855 ἐβούλοντο
736 799 923 854 συνῆσαν
952 797 1012 854 τῶ
1033 798 1211 850 βασιλεῖ’,
1239 793 1395 847 πολλῆς
1426 787 1567 841 ἀξιού-

35 860 51 887 ”’
107 882 231 923 μενοι
261 860 591 925 φιλοφροσύνης.
643 859 753 922 ἦσαν
788 862 867 920 γὰρ
911 861 962 918 δὴ
997 861 1074 903 οὐκ
1111 857 1297 916 ἀνδρεῖοι
1332 856 1463 912 μόνον
1495 859 1616 900 καιῪ.
1634 874 1698 900 102

40 963 50 978 ¹,
107 931 334 989 τολμητίαι
355 930 464 975 κατὰ
483 930 560 982 τὰς
588 931 758 986 μάχας,
800 925 907 971 ἀλλὰ
935 945 1005 970 και
1029 921 1167 975 αλλως
1197 926 1243 967 ἐν
1260 930 1351 974 ταῖς
1372 925 1564 973 παιδιαῖς

47 996 51 999 ⁴
107 998 298 1056 εὕφυεῖς
310 1003 510 1042 συνεῖναι.
562 995 816 1053 κυνηγεσίων
847 1012 917 1037 και
943 992 1022 1050 γὰρ
1049 997 1330 1046 συμμετεῖχον
1357 991 1413 1048 τῷ
1439 994 1565 1045 βασι-

28 1079 52 1121 4
106 1068 194 1120 λεῖ,
228 1066 303 1108 καὶ
327 1063 404 1120 τήν
441 1064 662 1120 λεγομένην
689 1064 941 1117 τζουστρίαν
975 1063 1050 1103 καί
1083 1057 1136 1102 τοὶ
1170 1059 1419 1115 τερνεμέντα
1446 1055 1568 1099 αὐτοι

30 1124 281 1188 θι5πρῶτοι
295 1131 494 1184 εδίδαξαν
525 1128 772 1184 “Ρωμαίους
805 1144 920 1170 ουπω
955 1124 1162 1184 πρότερον
1184 1126 1284 1182 περὶ
1313 1141 1398 1167 των
1425 1121 1564 1165 τοιού-

43 1219 57 1230 -.
103 1213 188 1240 των
214 1195 380 1248 ειδότας
413 1196 561 1240 οὐδέν.
591 1195 735 1238 αυτῶν
774 1196 821 1236 δὲ
848 1190 1150 1251 ἀπερχομένων
1185 1208 1246 1241 εις
1281 1207 1359 1272 την
1386 1187 1567 1232 οικείανὶ

104 1265 243 1320 ἕτεροι
263 1260 406 1321 ω’σπερ
432 1265 488 1307 ἐκ
512 1263 717 1317 διαδοχῆς
741 1261 921 1318 ἐφοίτων
949 1260 1006 1310 ὥς
1024 1259 1217 1315 βασιλέα·
1248 1275 1318 1300 και
1313 1254 1489 1312 σχεδὸν
1512 1258 1559 1299 ἐκ

34 1342 41 1346 ’
102 1331 300 1384 Σαβωΐας
320 1323 390 1372 οἷει
411 1330 471 1388 τῶ
491 1333 571 1387 νέῳ
598 1331 772 1383 βασιλεῖ
786 1324 974 1382 συνῆσαν
1007 1341 1127 1375 τινες.
1156 1320 1263 1367 ου’τω
1292 1325 1339 1366 δὲ
1367 1320 1449 1364 ὑπὸ
1481 1334 1597 1379 (pt—P.
1607 1333 1679 1373 127

102 1394 298 1449 λοτιμίας
317 1395 418 1450 περι
445 1392 499 1437 τοὶ
520 1395 696 1436 τοιαῦτα
722 1392 1011 1449 ἕξησκήθησαν
1042 1407 1119 1433 ουκ
1152 1386 1285 1445 ὀλίγοι
1317 1387 1562 1443 ‘Pantaleon

32 1461 290 1516 ’πομάλιστα
318 1462 366 1503 δὲ
389 1461 557 1503 πάντων
578 1476 600 1502 ο
624 1457 837 1515 βασιλευς,
868 1455 914 1508 ὃς
942 1459 1016 1500 καί
1037 1455 1134 1507 τούς
1163 1458 1411 1508 διδάξαντας
1430 1455 1563 1510 ὕπερ-

102 1531 254 1583 έσχεν,
291 1526 351 1578 ὥς
375 1526 436 1583 μὴ
465 1525 567 1578 τούς
599 1527 646 1569 ἔκ
679 1528 876 1581 Σαβωΐας
900 1523 1030 1579 μόνον
1061 1523 1138 1579 τὴν
1167 1518 1295 1580 ἧτταν
1332 1521 1562 1576 ὁμολογεῖν,

103 1591 210 1638 ἄλλα
249 1592 324 1636 καὶ
355 1591 454 1644 τούς
475 1595 523 1637 ἐκ
554 1591 779 1650 Φράντζας
810 1591 884 1634 καί
912 1588 1177 1644 Ἀλαμανίας
1201 1589 1274 1631 καὶ
1297 1591 1562 1644 Μπουργου-

103 1659 224 1715 νίας,
263 1661 310 1702 ἐν
342 1656 405 1711 οἷς
428 1659 614 1713 μάλιστα
647 1657 929 1709 σπουδάζεται
962 1655 1030 1714 τάξ
1050 1658 1252 1709 τοιαῦτα,
1291 1654 1367 1710 τήν
1403 1670 1448 1697 τε
1485 1656 1563 1696 τοῦ

105 1727 316 1781 βασιλέως
346 1723 590 1779 θαυμάζειν
612 1720 796 1780 εὖφυΐαν
820 1724 894 1765 καί
922 1724 1006 1764 τῶν
1039 1723 1139 1778 περὶ
1161 1719 1215 1763 τοὶ
1244 1722 1423 1762 τοιαῦτα
1458 1723 1560 1777 παρ’

197 1837 255 1861 20.
279 1825 374 1860 Ante
401 1825 470 1859 καὶ
491 1823 616 1859 addidi
641 1821 707 1866 ὃς,
731 1835 752 1857 a
776 1822 1011 1870 praecedenti
1037 1822 1177 1867 syllaba
1198 1822 1421 1868 absorptum.

3 1854 6 1945 Ι
100 1904 243 1940 Annam
266 1905 400 1940 coniux
424 1904 502 1939 eius
528 1915 574 1938 ex
603 1912 711 1937 more
728 1902 923 1937 coronavit.
972 1903 1057 1936 Post
1091 1902 1199 1935 ferias
1233 1902 1417 1956 nuptiales
1441 1902 1558 1936 maxi-

101 1950 159 1986 ma
182 1964 263 2008 pars
288 1963 436 1993 eorum,
466 1952 531 1997 qui
556 1962 638 1985 cum
670 1950 734 1983 illa
759 1961 778 1983 e
804 1949 983 1983 Sabaudia
1011 1954 1187 1982 venerant
1218 1949 1408 1994 utriusque
1439 1961 1557 1991 sexus,

29 2017 45 2028 -
101 1999 142 2032 in
163 2001 316 2043 patriam
339 1997 544 2038 redierunt,
586 1998 712 2042 paucis
747 1996 1031 2037 remanentibus,
1059 1997 1098 2029 in
1131 1995 1263 2042 quibus
1288 1997 1438 2040 Zampea
1475 2008 1558 2030 cum

100 2046 200 2088 filiis,
224 2047 359 2080 semina
382 2045 546 2079 omnium
568 2043 850 2099 prudentissima
875 2048 913 2077 et
936 2042 983 2076 ob
1010 2043 1256 2076 eruditionem
1278 2043 1468 2076 liberalem
1492 2054 1558 2076 ce-

99 2097 290 2139 teramque
313 2092 546 2126 habilitatem
570 2091 831 2136 imperatorum
857 2090 991 2124 idonea
1015 2089 1268 2123 contubernio.
1329 2090 1382 2123 Ex
1415 2089 1557 2123 nobili-

99 2144 178 2174 tate
207 2139 411 2174 Sabaudica
441 2139 644 2184 complures
681 2137 855 2183 quamdiu
880 2137 1075 2170 voluerunt
1099 2135 1196 2181 apud
1218 2137 1476 2191 imperatorem
1498 2137 1557 2170 vi·-

99 2191 252 2228 xerunt,
292 2186 337 2220 ab
364 2197 483 2233 eoque
506 2184 781 2230 perhumaniter
803 2183 925 2218 habiti
951 2189 1044 2217 sunt.
1099 2184 1209 2216 Erant
1233 2183 1370 2229 quippe
1394 2195 1470 2217 non
1493 2195 1556 2217 so-

98 2233 177 2267 lum
202 2233 272 2268 viri
295 2233 407 2268 fortes
433 2237 470 2266 et
491 2231 590 2265 bello
617 2231 819 2276 intrepidi,
858 2230 923 2265 sed
946 2236 1135 2276 praeterea
1160 2229 1206 2263 ad
1243 2230 1401 2263 iucunde
1438 2231 1556 2264 collu-

100 2279 262 2314 dendum
286 2285 418 2314 natura
441 2277 712 2313 accommodati.
761 2278 915 2312 Proinde
942 2282 979 2312 et
1002 2289 1083 2312 cum
1102 2278 1318 2322 imperatore
1344 2278 1554 2311 venationes

100 2325 356 2368 celebrabant,
403 2331 442 2360 et
464 2325 705 2360 hastiludium
740 2326 922 2370 singulare
957 2329 995 2358 et
1018 2324 1123 2358 ludos
1152 2329 1336 2370 equestres
1363 2325 1554 2366 Romanos,

98 2379 184 2408 ante
209 2373 248 2407 id
275 2373 448 2419 temporis
473 2374 620 2418 penitus
646 2373 788 2416 ignaros
803 2398 813 2414 ,
857 2372 966 2417 primi
991 2371 1298 2405 docuerunt.1is
1323 2369 1470 2404 domum
1494 2383 1554 2405 re—

42 2442 50 2447 s
95 2419 338 2462 vertentibus,
362 2420 428 2453 alii
449 2420 564 2453 veluti
588 2430 808 2453 successores
828 2419 992 2453 indidem
1009 2418 1274 2458 adveniebant,
1298 2429 1338 2450 ac
1359 2418 1434 2451 fere
1454 2430 1551 2452 sem-

97 2478 165 2513 per
184 2467 343 2501 Sabaudi
362 2466 479 2520 aliqui
502 2466 597 2511 apud
613 2467 867 2511 imperatorem
884 2470 996 2500 erant.
1023 2465 1084 2499 Sic
1103 2476 1210 2508 porro
1224 2464 1372 2499 honoris
1393 2465 1552 2511 quodam

99 2513 284 2548 desiderio
308 2512 455 2559 plurimi
471 2514 711 2547 Romanorum
734 2514 773 2546 in
796 2513 852 2546 his
868 2512 964 2546 ludis
989 2513 1165 2546 excellere
1181 2512 1406 2552 laborarunt,
1426 2523 1555 2557 supra-

153 2571 173 2594 e
197 2571 323 2594 omnes
346 2562 562 2605 imperator,
587 2561 651 2606 qui
676 2566 714 2593 et
737 2560 918 2604 magistris
949 2560 1104 2605 palmam
1129 2558 1386 2603 praeripiebat,
1413 2563 1455 2591 ut
1479 2570 1555 2592 non

99 2572 261 2642 gibaudi
283 2606 412 2648 modo,
437 2606 502 2640 sed
526 2611 564 2640 et
589 2607 742 2647 Franci,
757 2607 947 2648 Alamani,
971 2606 1176 2651 Burgundi,
1201 2605 1298 2650 apud
1314 2616 1401 2650 quas
1427 2611 1552 2650 gentes

97 2653 330 2699 potissimum
342 2652 471 2688 harum
493 2664 611 2687 rerum
635 2653 757 2688 studia
780 2654 920 2700 vigent,
937 2632 1001 2694 ’hi,
1025 2654 1194 2699 inquam,
1218 2662 1360 2692 omnes,
1385 2652 1449 2698 qui
1473 2657 1552 2686 tum

102 2699 290 2747 «regebant
309 2699 655 2747 Constantinopoli,
694 2701 810 2736 victos
847 2710 926 2736 sese
949 2700 1175 2740 faterentur,
1212 2699 1551 2746 imperatoremque,
