1832 3132
349 52 464 121 448
869 63 1235 107 οΑΝΤΑουΖΕΝι

163 169 457 224 animumn}
484 171 604 213 τοῦτο
627 165 824 223 Ὀρχὰνης
848 165 926 218 μὲν
962 164 1226 216 ἐπανέζευξεν
1248 166 1307 215 εἰς
1332 164 1406 222 τὴν
1427 164 1612 224 otmar,
1642 168 1767 222 βασι-

234 233 451 283 Ρ.27ί1λεύς
475 235 520 275 δὲ
549 233 753 286 ἀπόβασιν
784 229 1052 283 ποιησάμενος
1075 230 1148 270 καί
1171 230 1241 285 ἐφ’
1264 230 1438 287 ἡμέραις
1460 229 1563 274 ἑπτὰ
1590 233 1687 289 περὶ
1711 231 1777 284 τοὶ,

350 300 479 340 ἐκεῖσε
515 299 651 351 χωρία
686 295 938 350 διατρίψας,
982 288 1116 348 (οὔπω
1155 291 1234 349 γάρ
1276 290 1378 350 ἄχρι
1412 295 1503 338 τότε
1544 298 1677 349 ταῦτα
1714 293 1767 352 ἦν,

350 359 572 418 ἑωρακώς,)
604 362 676 402 καί
701 357 773 402 τὸν
799 363 908 400 σῖτον
937 354 1033 406 ὅσος
1059 363 1149 407 ταῖς
1178 357 1323 401 ναυσὶν
1349 361 1456 416 ἐνῆν,
1485 362 1768 416 Νικομηδεῦσι

347 425 599 483 παρασχών,
628 422 715 478 ἅμα
742 422 864 466 παντί
882 425 939 479 τῷ
963 421 1092 480 στόλῳ
1120 424 1180 472 εἰς
1206 423 1439 475 Βυζάντιον
1461 427 1656 482 ἐπανῆκεν
1693 427 1793 474 καίὅ

346 493 475 546 μηδὲν
511 487 844 544 ἀναβαλλόμενος
884 486 1011 537 εὐθὺς
1048 486 1121 543 τὴν
1150 487 1246 544 περὶ
1280 489 1354 530 τοῦ
1381 488 1611 547 Συργιάννη
1648 489 1766 548 δίκην

347 557 540 598 ἐποιεῖτο.
594 556 667 597 καί
697 552 981 607 Τζαμπλάκων
1011 554 1088 606 μὲν
1117 549 1196 595 ὅσα
1226 551 1515 610 καὶπρότερον
1540 551 1668 613 αὖθις
1693 573 1768 598 κα-

346 620 510 677 τηγόρει
536 619 608 662 καὶ
643 619 861 675 μάρτυρας
887 620 1106 674 παρείχετο
1131 620 1213 661 τῶν
1238 619 1494 672 λεγομένων·
1517 619 1768 677 Ξυργιάννης

348 688 394 729 δὲ
422 685 495 727 καί
523 683 624 727 αὐτὸ
651 687 729 738 μὲν
766 686 812 726 ἐκ
844 685 919 725 τοῦ
946 682 1093 736 ὁμοίου
1121 685 1339 739 παρεισῆγε
1363 681 1463 734 τούς
1488 685 1777 742 συνεροῦντας

347 751 464 807 αὐτῷ
491 749 588 806 περὶ
612 744 671 791 ὧν
699 745 948 803 ἀπελογεῖτο·
977 746 1111 789 ἐδόκει
1140 749 1186 789 δὲ
1204 748 1327 790 οὐδὲν
1344 749 1566 806 προφέρειν
1581 749 1822 807 ι’σχυρὸν,ιο

344 815 436 858 ἀλλ’
459 816 663 858 ἐπλανᾶτο
691 813 787 868 περὶ
810 813 882 863 τὰς
908 813 1134 864 ἀποδείξεις
1160 815 1233 855 καί
1260 811 1461 864 ἀδύνατος
1488 812 1624 857 ἐδόκει
1646 812 1767 859 εἶναι.

305 894 333 928 Β
347 880 544 936 βασιλεὺς
570 882 646 934 μὲν
667 874 740 922 οὖν
765 878 838 921 καὶ
859 876 897 921 οἱ
920 873 1036 920 ἄλλοι
1061 878 1262 933 παρόντες
1281 878 1364 920 τῶν
1381 881 1654 934 συγκλητικῶν
1671 880 1771 935 ἔβα-

350 944 515 997 σάνιζόν
540 962 584 988 τε
608 943 662 986 τά
681 944 880 998 λεγόμενα
906 945 1004 1000 παρ’
1024 941 1225 1000 ἑκατέρων
1249 942 1322 985 καί
1342 944 1561 1000 ἐπειρῶντο
1583 943 1668 988 οἷπό
1695 947 1770 1001 τῆς

347 1008 607 1065 συζητήσειος
631 1009 793 1064 τᾶληθῆ
821 1009 1052 1066 ἄνερευνᾷν·
1109 1008 1133 1050 ὅ
1156 1009 1285 1063 μέγας
1314 1009 1546 1062 δομέστικος
1572 1011 1770 1067 ἐφθέγγε-

348 1091 395 1118 το
431 1072 575 1129 οὐδὲν,
615 1071 719 1117 ἄλλά
753 1075 932 1129 καθῆστο
964 1072 1089 1128 μόνον
1127 1072 1385 1129 α’κροοόμενος
1408 1076 1490 1117 τῶν
1527 1075 1820 1129 λεγομένων.ῐό

348 1142 440 1196 τρῖς
460 1142 512 1187 ,δὲ
543 1139 615 1182 καί
645 1138 829 1196 τετράκις
870 1140 1089 1193 γενομένου
1132 1138 1333 1193 συλλόγου
1370 1140 1469 1196 περὶ
1499 1141 1583 1183 τῶν
1608 1140 1770 1195 αὕτῶν,

349 1199 446 1248 ἐπεί
466 1204 488 1247 ὅ
504 1205 756 1261 Συργιάννης
782 1204 969 1259 συνεώρα
998 1201 1071 1258 τὴν
1090 1202 1203 1259 νίκην
1222 1202 1324 1258 πρὸς
1351 1203 1663 1258 Τζαμπλοίκωνα
1682 1221 1772 1260 χω-

350 1271 530 1327 ροῦσαν,
557 1269 687 1312 ἐδόκει
716 1270 801 1311 δεῖν
843 1268 1176 1323 διακρούσασθαι
1205 1267 1280 1323 την
1308 1270 1424 1324 δίκην
1452 1269 1670 1313 καὶἐδεῖτο
1692 1273 1773 1325 βα-
1812 1295 1823 1301 κ

351 1335 497 1383 σιλέως
522 1335 781 1390 προθεσμίαν
802 1333 913 1389 αὐτῷ
935 1331 998 1374 ἔτι
1019 1339 1250 1387 παρασχεῖν
1269 1335 1339 1375 ἐπὶ
1358 1334 1415 1390 τῷ
1437 1332 1656 1391 μάρτυρας
1684 1330 1771 1378 ἑτέ..

351 1415 451 1456 ρους
468 1399 650 1454 ἀγαγεῖν,
681 1398 723 1440 οἳ
747 1397 995 1453 δυνήσονται
1015 1393 1128 1454 αὐτῷ
1146 1399 1410 1453 συνάρασθαι
1427 1397 1533 1455 πρός
1552 1398 1598 1441 τὸ
1614 1400 1764 1456 διαφυ-
1774 1415 1826 1443 20

350 1469 436 1518 γεῖν
455 1462 530 1518 τὴν
562 1462 795 1517 καταδίκην.
848 1459 1044 1516 βασιλευς
1083 1464 1129 1505 δὲ
1166 1465 1395 1518 παρέσχετο
1437 1463 1666 1520 προθύμως
1698 1466 1771 1508 και)

309 1525 432 1582 εἶν’,τι
461 1524 513 1571 ἂν
547 1530 686 1584 ἕτερον
716 1527 854 1582 δοκοίη
886 1525 1110 1579 δυνάμενον
1136 1528 1249 1586 αὐτῷ
1274 1530 1512 1584 ἐπικουρίαν
1537 1535 1768 1584 παρασχεῖν

346 1611 440 1637 τινα
452 1595 581 1650 μηδὲν
617 1591 948 1646 ἀναβαλλόμενον
983 1592 1177 1641 κελεύσας
1195 1591 1420 1648 ἐκπορίζειν
1439 1591 1588 1651 ἐαυτῷ.
1629 1595 1769 1648 Τζαμ-

345 1657 511 1703 ’πλάκων
543 1660 590 1701 δὲ
620 1654 796 1711 κατεβόα
829 1657 908 1699 τοῦ
942 1656 1204 1712 δικαστηρίου
1235 1656 1309 1699 καὶ
1351 1655 1463 1700 δεινοὶ
1494 1658 1692 1714 ἐποιεῖτο,
1727 1659 1769 1702 εἰ

346 1798 448 1832 sione
472 1797 587 1838 facta,
613 1802 648 1831 et
673 1796 800 1831 diebus
826 1801 962 1842 septem
984 1796 1072 1831 locis
1097 1796 1191 1837 illis,
1217 1807 1309 1843 quae
1335 1797 1493 1831 nondum
1516 1797 1666 1840 viderat,
1694 1799 1764 1832 im-

346 1849 522 1885 moratus,
551 1849 721 1890 quantum
748 1848 822 1877 erat
856 1844 895 1876 in
918 1843 1068 1876 navibus
1095 1849 1329 1884 commeatus,
1352 1844 1683 1879 Nicomediensibus
1706 1845 1765 1879 di-

346 1891 517 1936 largitus,
541 1901 618 1923 cum
643 1895 718 1923 tota
742 1891 852 1923 classe
877 1890 1085 1932 Byzantium
1117 1889 1266 1933 relegit3
1297 1888 1463 1935 nihilque
1485 1889 1765 1935 procrastinam,

350 1936 395 1969 de
421 1948 525 1969 causa
548 1936 750 1980 Syrgiannis
777 1934 885 1968 iudex
909 1935 1012 1969 sedit.
1060 1936 1106 1968 Et
1128 1935 1311 1980 Zamplaco
1336 1936 1482 1981 quidem
1505 1938 1767 1972 accusationem

351 1983 505 2023 iterans,
525 1981 677 2015 testibus
701 1981 948 2026 praesentibus
973 1981 1070 2017 dicta
1094 1992 1157 2014 sua
1181 1981 1371 2016 astruebat.
1420 1983 1631 2028 Syrgiannes
1657 1984 1766 2018 vicis-

352 2029 419 2061 sim
454 2034 562 2061 testes
592 2039 655 2071 pro
688 2038 724 2061 se
759 2026 959 2060 inducebat.
1007 2026 1054 2059 At
1086 2027 1181 2060 enim
1214 2027 1308 2062 nihil
1340 2028 1494 2062 solidum
1518 2029 1667 2071 afferre,
1700 2028 1766 2065 ned

352 2073 558 2118 ambagibus
586 2074 640 2107 uti
659 2073 697 2106 in
723 2071 909 2106 refutando
924 2098 933 2113 ,
959 2073 1242 2119 deterioremque
1266 2086 1402 2108 causam
1426 2074 1559 2110 habere
1581 2078 1676 2111 visus
1700 2081 1765 2109 est.

353 2119 474 2164 Quare
498 2121 690 2164 imperator
716 2125 753 2152 et
806 2120 842 2151 ui
866 2119 898 2152 ei
919 2119 1066 2152 aderaut
1090 2121 1130 2152 in
1148 2121 1310 2160 consilio,
1333 2121 1519 2167 utriusque
1538 2123 1648 2167 partis
1669 2122 1767 2156 dieta

353 2165 584 2198 discutientes
609 2165 703 2198 inter
726 2176 763 2198 se
779 2130 1015 2209 ‘ilisquirendo
1038 2167 1224 2199 veritatem
1248 2165 1414 2212 indagare
1434 2167 1666 2210 conabantur,
1691 2178 1767 2202 ma-

352 2222 420 2256 gno
446 2210 639 2244 domestico
666 2221 745 2243 cum
778 2211 944 2251 silentio,
980 2222 1072 2257 quae
1101 2210 1331 2252 dicebantur,
1357 2213 1536 2247 audiente.
1584 2214 1672 2249 Cum
1694 2219 1768 2248 ter-

353 2267 424 2303 que
448 2262 644 2301 quaterque
661 2266 766 2300 super
788 2257 913 2290 eodem
937 2258 1210 2298 conveniretur,
1239 2257 1447 2304 videretque
1476 2259 1685 2306 Syrgiannes
1710 2259 1768 2293 vi-

353 2303 500 2336 ctoriam
525 2302 570 2335 ad
593 2303 856 2346 Zamplaconem
879 2303 1073 2344 inclinare,
1099 2304 1343 2348 ampliandum
1367 2305 1528 2348 censuit,
1553 2317 1675 2351 rogans
1698 2306 1767 2338 im-

351 2354 572 2393 peratorem,
606 2348 676 2381 sibi
700 2347 794 2381 diem
825 2349 1050 2393 praefiniret,
1073 2349 1118 2382 ad
1144 2361 1248 2395 quem
1282 2351 1370 2384 alios
1406 2355 1514 2384 testes
1550 2356 1766 2397 apponeret,

353 2405 503 2439 quorum
528 2405 634 2438 opera
657 2394 920 2428 damnationem
946 2398 1136 2440 effugeret:
1162 2394 1258 2440 quod
1279 2396 1469 2440 imperator
1486 2403 1646 2442 prompte
1668 2398 1767 2431 fecit:

351 2439 498 2474 hortans
532 2441 701 2484 insuper,
735 2446 775 2472 ut
806 2441 835 2473 si
870 2440 958 2486 quid
990 2447 1172 2485 praeterea
1202 2447 1345 2486 putaret
1368 2443 1501 2477 auxilio
1538 2454 1614 2477 esse
1638 2454 1767 2488 posse,

351 2485 392 2519 id
416 2486 487 2519 sibi
511 2497 660 2531 propere
685 2491 830 2530 pararet.
878 2487 1060 2532 Zamplaco
1086 2487 1244 2522 iudicum
1260 2487 1365 2522 fidem
1386 2489 1573 2533 implorare
1600 2495 1637 2523 et
1666 2488 1766 2524 indi-

353 2543 461 2576 gnum
484 2532 633 2572 ducere,
658 2532 688 2565 si
711 2532 920 2576 Syrgiannes
953 2534 1098 2566 testium
1131 2538 1316 2578 praetextu
1339 2534 1504 2569 evaderet
1528 2547 1569 2568 ac
1589 2535 1764 2580 supplicio

352 2577 432 2611 iure
451 2578 644 2624 infligendo
673 2588 710 2611 se
736 2578 919 2618 eximeret,
946 2590 1027 2612 nam
1043 2579 1138 2612 diem
1156 2580 1406 2625 praestitutum
1419 2580 1512 2614 nihil
1520 2581 1553 2614 ei
1566 2581 1766 2615 adiumenti

354 2623 566 2671 allaturum3
590 2628 698 2660 testes
718 2624 815 2659 enim
839 2634 957 2670 neque
974 2626 1094 2671 plures
1108 2650 1119 2668 ,
1143 2635 1262 2674 neque
1284 2626 1447 2664 meliores
1466 2626 1674 2665 habiturum
1695 2626 1765 2670 iis,
