1852 3146
15 0 25 26 l,

15 78 34 105 ‚t

14 107 26 130 -ε

533 158 918 204 ms'romARUM
952 163 986 204 1.
1025 163 1094 210 49.
1440 139 1552 209 243

13 222 29 267 5
103 265 284 321 ρεῖσθαο.
320 260 396 306 κατ’
417 260 489 305 διὰ
511 264 639 307 τοῦτο
666 265 756 307 δεῖν
783 260 928 322 ᾠήθην
959 266 1044 306 πᾶν
1078 262 1239 319 ζήτημα
1265 255 1644 320 καίνᾶμφιβο-Α.ῦ.
1662 266 1750 311 ¹327

104 330 200 373 λίαν
234 329 410 386 ποιῆσαι
438 328 646 384 ἐκποδών,
698 333 773 373 καί
799 333 963 384 μᾶλλον
996 335 1081 380 τοῖς
1121 329 1342 386 ἡμετέροις
1375 329 1560 386 φανῆναι

104 392 304 453 φορτικὰς
322 393 398 437 καί
415 393 621 451 ἐπαχθής,
649 391 675 453 ἢ
692 395 799 454 πρὸς
818 394 891 439 τὸν
915 395 1098 449 πόλεμον
1125 394 1261 436 αἰτίαν
1284 395 1561 450 παρασχεῖν.”

100 462 276 504 τοιαῦτα
303 462 510 516 βασιλέως
540 462 723 514 εἰπόντος
750 463 829 505 τοῦ
859 464 980 516 νέου,
1018 461 1057 503 οἱ
1083 458 1200 517 παρὰ
1227 462 1300 503 τοῦ
1328 462 1559 518 πρεσβυτέ-

7 515 27 596 ii}
75 531 183 583 5ρου
218 521 525 580 ἀπεσταλμένοι
557 523 771 586 οἷρχιερεῖς
819 530 895 570 καί
939 525 1205 583 συγκλητικοὶ
1250 526 1588 580 θαυμάσαντεςΒ

16 581 29 603 ”’
101 592 179 649 τῆς
199 591 520 647 μεγαλοψυχάκς
546 591 616 636 τὸν
635 593 814 648 βασιλέα
836 594 1001 636 καὶτοῦ
1018 591 1184 650 σφόδρα
1210 587 1321 634 οὕτω
1340 589 1417 647 τὴν
1441 591 1558 647 εἰρή-

101 673 178 715 νην
201 655 431 715 αἱρεῖσθαι,
455 659 582 716 χάριν
602 657 926 715 ὁμολογήσαντες
951 657 1117 714 πολλὴν,
1141 655 1358 714 χαίροντες
1378 657 1556 715 ᾐτοῦντο

99 720 179 780 τὴν
205 722 407 766 ἐπάνοδον
431 725 726 782 ἐπιτραπῆναι,
757 725 1014 779 νομίζοντες,
1033 723 1091 774 ὥς
1123 719 1212 778 ἅμα
1233 725 1294 782 τῷ
1321 720 1375 765 τά
1395 738 1559 778 πεπραα

11 787 30 838 ἶ.
67 831 71 835 .
99 790 233 844 γμένα
253 789 504 844 ἀπαγγεῖλαι
518 793 693 846 βασιλεῖ
716 788 890 844 κώλυμα
906 786 1029 832 οῦδὲν
1052 787 1174 831 ἔσται
1201 790 1255 846 τῇ
1282 787 1424 845 εἰρήνῃ
1447 783 1557 830 ὥστε

6 851 27 914 ἴ..
51 851 226 905 ιοεῖναι.
260 855 434 906 ἐκείνοις
463 857 544 910 μὲν
567 852 644 900 οὖν
667 852 806 913 ὥσπερ
833 856 1010 914 ᾐτοῦντο
1043 856 1264 912 ἐπέτρεπεν
1295 855 1557 897 ἐπανελθεῖν.

101 921 160 963 δι’
193 919 333 964 ati-1032!
368 921 416 964 δὲ
450 920 554 979 πρὸς
583 923 760 976 βασιλέα
789 918 860 964 τὸν
887 919 1055 964 πάππον
1089 918 1365 978 ἐπρεσβεῦετο
1398 916 1556 962 τοιάδε·

98 984 203 1042 »τὴν
240 988 322 1041 μὲν
357 985 463 1044 ἐμήν
495 983 598 1045 πρὸς
628 984 676 1030 τὸ
713 989 761 1031 σὲ
795 986 873 1043 τὴν
906 987 1139 1041 “Ρωμαίων
1181 985 1294 1042 ἔχειν
1332 978 1559 1042 ἡγεμονίαν

97 1046 289 1108 σπουδήν
314 1067 361 1094 τε
383 1051 458 1094 καὶ
481 1051 727 1110 προθυμίαν
746 1052 849 1102 θεός
866 1067 912 1094 τε
945 1049 1032 1095 οἶδε
1055 1053 1191 1102 καλῶς
1213 1051 1236 1093 ὅ
1267 1052 1402 1094 πάντα
1421 1049 1558 1106 εἰδώς,

99 1116 175 1162 καὶ
196 1116 323 1169 αὖτὸς
349 1114 404 1162 ἂν
428 1117 807 1176 ἐπιμαρτυρήσαιςι
851 1116 946 1161 ε’νόν
968 1117 1048 1175 γὰρ
1062 1152 1076 1173 ,
1106 1117 1191 1174 εἴγε
1218 1118 1479 1174 ἐβουλόμην,
1509 1121 1558 1161 σὲ

49 1187 247 1242 ιόλυπεῖν
275 1186 348 1228 καί
372 1182 478 1228 κατὰ
506 1181 604 1236 τούς
635 1186 861 1242 προτέρους
890 1186 1096 1239 πολέμους
1121 1181 1150 1241 ἢ
1173 1186 1396 1240 συμπάσης
1423 1181 1452 1241 ἢ
1480 1186 1592 1241 τῆςΟ

98 1251 289 1302 πλείονος
310 1251 444 1308 ἀρχῆς
468 1255 671 1307 κρατεῖν,
715 1251 792 1293 οῦκ
821 1252 1010 1307 ἠθέλησα
1042 1248 1161 1306 ἑκών,
1200 1250 1306 1293 ἀλλά
1342 1249 1413 1293 σοὶ
1439 1251 1558 1305 νομί-

36 1362 39 1373 t
98 1317 184 1370 ζων
214 1312 325 1360 εἶναι
352 1316 513 1359 δίκαιον
542 1317 791 1369 ἕξάττασθαι
820 1316 978 1373 ταύτης
1005 1310 1093 1359 ὄντι
1124 1318 1268 1373 πατρὶ,
1296 1318 1375 1367 ἕως
1395 1311 1449 1359 ἂν
1482 1331 1557 1358 πε-

98 1383 207 1440 ριῇς,
235 1379 464 1436 δυνάμενος
488 1389 727 1438 κατασχεῖν,
755 1381 1044 1440 παρεχώρησα
1074 1379 1180 1426 ἑκών
1208 1380 1331 1426 εἶναι·
1358 1381 1433 1425 καί
1457 1382 1557 1424 τοῦ-

96 1445 145 1491 τό
168 1463 216 1503 γε
245 1444 322 1490 οῦκ
354 1442 455 1491 ἄνευ
481 1447 616 1492 πόνων
642 1448 715 1491 καί
742 1447 960 1492 κινδύνων.
1000 1451 1085 1492 τῶν
1104 1447 1183 1506 γὰρ
1214 1447 1293 1491 σὺν
1316 1449 1414 1502 ἐμοὶ
1432 1452 1557 1490 πολε-

44 1515 322 1570 ηομουμένων
348 1513 518 1557 πάντων
549 1513 653 1564 τούς
671 1516 752 1569 μὲν
774 1513 926 1565 πόνους
947 1514 1020 1557 καὶ
1049 1513 1150 1564 τοῦς
1175 1513 1394 1562 κινδύνους
1425 1516 1470 1556 έν
1497 1514 1555 1572 τῷ

96 1583 294 1635 πολεμεῖν
326 1576 650 1636 ὑφισταμένων,
693 1582 777 1622 τῶν
806 1575 950 1622 ἄθλων
983 1583 1031 1623 δὲ
1067 1580 1249 1622 καὶτῶν
1277 1581 1414 1635 γερῶν
1448 1575 1554 1621 άπο-

97 1645 398 1702 στερουμένων,
429 1643 500 1686 διὰ
531 1643 578 1689 τὸ
614 1647 703 1700 ἐμὲ,
733 1645 1179 1702 σοῦ-προστάττοντος,
1206 1644 1340 1694 εὐθὺς
1372 1641 1554 1699 ἄσμενον

95 1716 256 1767 χωρεῖν
281 1707 388 1766 πρὸς
424 1708 503 1765 τὴν
535 1711 703 1767 εἰρήνην
746 1711 821 1753 καί
865 1711 1034 1754 πάντων
1064 1728 1130 1754 σοι
1164 1716 1460 1767 παραχωρεῖν,
1493 1705 1553 1753 ὧν

97 1774 324 1832 ἐκτήσαντο
357 1777 480 1819 αῦτοί
507 1777 754 1832 κρατοῦντες
771 1777 816 1818 ἐν
837 1777 896 1834 τῷ
916 1779 1104 1835 πολέμῳ,
1131 1772 1437 1833 ἀμφοτέρωθεν
1458 1774 1556 1829 ἐμοὶ

44 1843 323 1897 ἀὄσυνέβαινε
341 1839 390 1884 τὸ
413 1844 707 1899 θορυβεῖσθαι.
744 1839 805 1896 τό,
823 1857 867 1884 τε
889 1840 969 1899 γάρ
997 1844 1160 1885 πείθειν
1188 1844 1455 1885 καταθέσθαι
1478 1840 1551 1885 τὸν

96 1942 209 1977 etiam
237 1941 374 1977 idcirco
416 1941 670 1990 quaestionem
709 1945 747 1976 et
785 1940 1060 1988 ambiguitatem
1093 1953 1235 1977 omnem
1274 1941 1551 1978 rescindendam

94 1990 246 2034 putavi,
285 1990 484 2036 potiusque
519 1990 610 2022 meis
645 1989 760 2033 gravis
789 1994 826 2022 et
860 1987 1109 2024 incommodus
1137 1990 1272 2032 videri,
1310 2002 1417 2036 quam
1447 1991 1548 2024 bello

96 2047 222 2073 ansam
251 2035 338 2071 dare
365 2037 476 2070 volui.
537 2036 602 2070 His
629 2035 750 2075 dictis,
780 2036 881 2068 missi
905 2049 926 2070 a
951 2037 1095 2070 seniore
1123 2038 1284 2082 episcopi
1311 2049 1352 2071 ac
1378 2048 1546 2082 proceres

95 2087 236 2117 tantam
261 2083 375 2118 animi
387 2083 620 2117 altitudinem
640 2081 832 2124 admirati,
857 2088 894 2116 et
914 2081 961 2116 ob
986 2089 1060 2117 tam
1083 2084 1303 2128 praeclarum
1321 2086 1422 2130 pacis
1444 2084 1548 2118 desi-

96 2128 242 2164 derium
266 2131 390 2176 gratiis
420 2131 509 2164 actis
536 2129 808 2175 singularibus,
841 2127 977 2162 hilares
1010 2129 1158 2164 domum
1191 2130 1371 2165 redeundi
1403 2133 1546 2166 veniam

95 2176 323 2222 petiverunt,
347 2176 431 2218 rati,
455 2177 564 2210 simul
593 2181 671 2210 acta
697 2186 762 2210 avo
787 2177 1069 2219 renuntiassent,
1103 2188 1231 2223 pacem
1263 2177 1360 2211 nihil
1383 2190 1546 2212 remora-

95 2226 228 2256 turum.
281 2224 373 2270 Ergo
402 2222 622 2258 reditionem
643 2223 719 2256 illis
752 2223 956 2267 permittit,
993 2228 1029 2256 et
1055 2224 1100 2257 ad
1134 2235 1239 2258 avum
1265 2223 1357 2259 haec
1393 2226 1546 2260 ferenda

96 2269 310 2305 committit:
342 2270 462 2316 Quam
489 2269 653 2304 studiose
682 2276 791 2315 atque
821 2269 972 2315 impigre
993 2270 1194 2312 elaborem,
1219 2275 1262 2304 ut
1285 2277 1326 2305 tu
1354 2272 1547 2318 principa-

96 2320 177 2350 tum
202 2317 404 2351 Romanum
425 2323 548 2352 teneas
564 2341 575 2358 ,
599 2316 697 2350 Deus
723 2316 845 2356 novit,
872 2327 979 2361 quem
998 2317 1095 2351 nihil
1117 2319 1229 2360 latet,
1258 2323 1296 2351 et
1321 2323 1362 2352 tu
1383 2320 1481 2364 ipse,
1513 2320 1546 2353 si

95 2363 196 2397 voles
212 2387 222 2405 ,
246 2363 438 2398 testabere.
492 2363 586 2398 Nam
614 2374 694 2397 cum
714 2363 936 2408 potuissem,
960 2363 991 2396 si
1018 2364 1208 2406 libuisset,
1242 2364 1351 2398 bellis
1377 2366 1545 2411 superio-

96 2409 199 2447 ribus
220 2415 284 2444 aut
305 2415 384 2445 toto
406 2410 558 2456 imperio
580 2416 644 2445 aut
662 2412 801 2443 maiore
821 2409 922 2443 illius
943 2416 1047 2454 parte
1076 2410 1278 2456 potiundo,
1303 2412 1375 2445 tibi
1400 2425 1545 2447 moero-

97 2467 174 2491 rem
189 2455 293 2498 dare,
317 2457 422 2491 nolui
446 2459 657 2504 iustumque
682 2457 906 2497 existimavi,
944 2456 1016 2491 tibi
1038 2469 1080 2492 eo
1113 2464 1154 2492 ut
1174 2460 1343 2503 parenti,
1370 2459 1544 2505 quamdiu

96 2503 139 2537 in
165 2502 240 2537 vita
272 2514 459 2546 maneres,
492 2503 633 2544 cedere,
685 2503 813 2550 Neque
837 2514 923 2537 vero
957 2504 1037 2538 sine
1074 2504 1260 2538 laboribus
1296 2506 1544 2552 periculisque

97 2549 200 2584 cessi·
255 2548 346 2584 Cum
377 2551 475 2585 enim
501 2552 766 2585 commilitones
791 2551 864 2583 mei
894 2554 1019 2584 omnes
1050 2551 1142 2585 belli
1175 2552 1292 2585 aleam
1328 2563 1368 2585 ac
1398 2553 1544 2587 labores

99 2596 317 2638 subiissent,
341 2599 511 2642 praemiis
533 2603 653 2632 autem
679 2603 715 2631 et
737 2596 938 2630 honoribus
955 2603 1119 2631 carerent
1133 2623 1142 2639 ‚
1169 2598 1267 2644 quod
1282 2609 1346 2644 ego
1364 2603 1427 2631 tua
1446 2599 1544 2633 iussa

97 2647 263 2684 secutus,
285 2653 410 2688 pacem
428 2644 548 2678 libens
568 2645 825 2690 complecterer
847 2643 992 2689 tibique
1020 2645 1114 2678 reliu
1142 2655 1264 2679 uerem
1290 2646 1424 2685 omnia,
1450 2656 1543 2691 quae

98 2690 173 2735 ipsi
189 2689 296 2724 armis
320 2690 586 2737 acquisierant,
622 2692 806 2736 utrimque
829 2689 1084 2728 conturbabar.
1117 2657 1219 2724 qNam
1257 2691 1436 2725 adducere
1457 2693 1542 2727 illos

99 2734 147 2770 ad
168 2747 266 2770 arma
285 2734 501 2782 deponenda
518 2737 669 2778 difficile
699 2740 798 2777 erat,
823 2747 904 2770 cum
935 2747 972 2770 se
999 2738 1093 2771 iusta
1125 2737 1334 2783 praedicare
1361 2749 1543 2773 assevera-

99 2788 194 2825 rent,
222 2788 260 2818 et
285 2783 324 2818 in
344 2784 486 2819 hostem
509 2784 562 2819 ire
579 2783 659 2831 lege
678 2782 812 2820 bellica
831 2794 972 2829 semper
991 2784 1225 2829 postularent.
1273 2785 1401 2819 Invitis
1421 2791 1542 2822 autem
