1820 3164
346 85 459 161 478
868 100 1238 148 CANTACUZENJ

151 207 428 253 A.C.1333m3v
454 203 654 248 Λατίνων
679 201 946 257 προσελθων,
975 203 1049 245 οὔκ
1074 201 1229 261 ἔφασκε
1257 205 1430 257 δεόντως
1455 204 1760 263 βεβουλεῦσθαι

342 269 440 324 πρὶν
477 264 657 322 ἀκριβῶς
696 267 894 320 ἐκμαθεῖν
943 265 1102 317 ὁπόσας
1150 264 1244 323 ἄγοι
1278 269 1462 327 τριήρεις
1497 271 1524 314 o‘
1549 273 1762 328 βασιλεὺς,

341 332 646 387 ἀπερισκέπτως
672 329 776 386 πρὸς
801 330 875 386 τὴν
901 332 1141 387 ναυμαχίαν
1169 330 1273 376 οὕτω
1290 337 1367 377 ’καί
1385 338 1577 391 θρασέως
1591 344 1759 394 χωρεῖν.

300 395 414 439 (Ξέἀν
440 394 517 451 γὰρ
548 395 732 451 συμβαίη
761 395 1014 452 ἡττηθῆναι,
1057 394 1178 458 οὐδὲν
1205 393 1304 441 ἄλλο
1339 402 1522 443 λείπεται
1551 398 1577 458 ἢ
1604 403 1759 447 nand.

337 475 441 503 πασι
469 461 758 517 διαφθαρῆναι
773 493 786 515 ,
825 462 990 505 πάντων
1023 463 1104 504 τῶν
1130 463 1281 505 ἐνθάδε
1306 466 1511 518 πολεμιων
1535 460 1665 509 ὄντων
1689 467 1785 512 καὶὸ

336 527 745 581 συνεπιθησομένων.
799 520 848 568 οὗ
877 526 927 582 δὴ
955 529 1072 569 ἕνεκα
1098 529 1228 583 ἐχρῆν
1254 528 1452 586 πρότερον
1481 528 1554 587 τὴν
1580 530 1758 584 δύναμιν

335 591 541 644 βασιλέως
568 592 736 650 ε’ρευνᾷν
766 589 916 647 ὁπόσην
945 587 1051 646 ἄγει.
1106 589 1181 634 κᾶν
1205 593 1284 646 μὲν
1312 589 1398 636 οἶοί
1416 610 1461 636 τε
1483 590 1559 650 ἤτε
1580 597 1757 639 διαναυ-

334 662 509 710 μαχεῖν,
551 652 603 698 ἂν
631 658 677 699 δὲ
702 656 783 712 μή,
830 658 1074 714 καταφυγήν
1099 673 1194 701 τινα
1227 654 1306 713 ὅπη
1335 657 1593 715 σωθήσεσθε-
1604 662 1757 718 ζητεῖν.

334 718 414 774 ἐγώ
453 722 500 762 δὲ
537 720 768 777 προθύμως
802 723 882 776 μὲν
912 719 962 763 ἂν
989 720 1093 778 πρὸς
1118 722 1191 777 τὴν
1214 725 1452 778 ναυμαχίαν
1477 723 1756 780 συνηγωνισά-

332 801 418 840 μην
443 785 589 842 παρών
616 786 742 840 ὑμῖν·
796 787 977 843 Δηλίους
1016 789 1062 829 δὲ
1100 789 1223 830 οὕδέν
1258 789 1350 831 ἐστι
1385 787 1432 830 τὰ
1470 787 1806 838 astoer-&niam

333 846 545 908 οἷνταίρειν
570 855 755 906 βασιλεῖ,
783 852 888 895 ἀλλὰ
918 852 1054 895 πάντα
1081 855 1238 908 μᾶλλον
1265 853 1458 911 αἱρετέα,
1495 851 1524 910 ἢ
1548 854 1653 912 πρὸς
1677 859 1758 910 βα-

332 915 452 959 σιλέα
492 915 633 968 αὐτοῖς
668 920 898 974 πολεμητέα
937 915 1045 960 εἶναι
1085 921 1262 975 λέγουσι.
1316 918 1541 974 βιάζεσθαι
1573 922 1654 974 μὲν
1681 918 1756 964 οὖν

300 977 412 1025 Βοῦκ
444 980 600 1034 ἔξεστιν
629 981 786 1032 αὐτούς
816 981 975 1033 πάντας
1003 985 1147 1040 ἐπίσης
1170 983 1244 1041 τὴν
1269 984 1415 1039 ὁμοίαν
1446 981 1612 1041 γνώμην
1637 983 1754 1040 ἕχον.

327 1064 428 1097 τας.
482 1046 596 1097 ἔδοξε
623 1049 669 1089 δέ
689 1064 762 1101 μοι
791 1050 953 1102 βέλτιον
981 1053 1251 1109 σκεψαμένῳ,
1296 1051 1395 1106 πρὶν
1423 1051 1598 1104 βασιλέα
1623 1047 1752 1106 ἥκειν,

330 1112 583 1168 ἀναχωρεῖν.
640 1111 714 1155 ἐὰν
739 1111 818 1169 γάρ
845 1110 1041 1170 ὀφθέντος
1070 1115 1317 1172 φεύγωμεν,
1368 1114 1569 1171 αἰσχύνην
1597 1115 1648 1157 οὔ
1676 1114 1804 1172 τῆνῐὸ

327 1180 539 1231 τυχοῦσαν
576 1175 922 1234 προστριψάμεθα
955 1181 1280 1230 Σπιταλιώταις.
1346 1178 1517 1235 μελήσει
1556 1180 1605 1222 δὲ
1650 1180 1752 1234 ὑμῖν

327 1238 440 1292 ὅπως
465 1239 517 1284 ἂν
538 1245 730 1296 βέλτιστα
755 1243 962 1300 ὃιοίθησθε
985 1242 1038 1286 τὰ
1066 1248 1164 1286 καθ’
1190 1244 1367 1296 αὑτούς.
1416 1243 1439 1287 ὅ
1462 1245 1542 1298 μὲν
1567 1239 1644 1287 οὖν
1668 1246 1767 1288 τῶν

326 1310 493 1363 Δηλίων
533 1305 740 1362 ναύαρχος
790 1311 963 1351 τοιαῦτα
999 1309 1126 1352 εἰπὼν
1164 1310 1237 1353 καί
1275 1310 1570 1363 συνταξάμενος
1595 1309 1750 1364 αὐτοῖς,

326 1372 581 1415 ἀπέπλευσεν
617 1374 676 1422 εἰς
713 1374 876 1429 Δῆλον.
942 1377 1157 1432 Δομενίκῳ
1194 1377 1242 1418 δὲ
1277 1374 1351 1418 καί
1386 1380 1471 1425 τοῖς
1499 1370 1640 1425 ἄλλοις
1665 1379 1750 1423 τοῖς

325 1436 643 1493 ὑπολειφθεῖσιν
689 1435 825 1480 οὖκέτι
871 1438 1007 1481 ἐδόκει
1049 1445 1302 1494 ναυμαχεῖν·
1371 1439 1476 1482 ἀλλὰ
1516 1441 1635 1482 πέντε
1668 1441 1801 1493 μὲν20

325 1503 407 1544 ταῖν
438 1501 637 1558 τριήρεων
663 1500 856 1557 ἔπεμψαν
893 1505 952 1553 εἰς
991 1502 1209 1560 Καλλονῆν
1245 1503 1447 1561 φρούριόν
1478 1521 1520 1546 τι
1546 1502 1651 1546 κατὰ
1675 1503 1748 1560 την

324 1567 493 1621 Λέσβον
528 1568 600 1610 ἐπὶ
636 1570 695 1627 τῷ
721 1566 833 1611 σῖτόν
862 1584 907 1610 τε
935 1571 1165 1624 εἰσαγαγεῖν
1191 1572 1264 1612 καί
1291 1567 1501 1626 φρουράν·
1537 1570 1749 1611 ἕδεὸἵεσαν

323 1631 402 1690 γὰρ
429 1631 528 1689 περὶ
562 1633 695 1676 αὐτοῦ’
721 1631 779 1690 μὴ
811 1632 893 1675 ὖπὸ
920 1636 1123 1688 βασιλέως
1151 1636 1195 1684 ἐξ
1221 1635 1447 1692 ἐπιδρομῆς
1474 1631 1582 1692 ἁλῷ·
1627 1633 1749 1677 αὐτοὶ

324 1755 402 1778 rum
428 1744 625 1779 nauarchos
650 1743 803 1787 accedit3
829 1755 903 1778 non
928 1755 987 1778 eos
1010 1743 1146 1778 bonum
1168 1744 1304 1789 cepisse
1327 1739 1516 1779 consilium
1539 1744 1639 1786 dicit,
1666 1738 1743 1790 pri-'⁶

322 1802 474 1837 usquam
499 1797 622 1825 exacte
648 1791 862 1832 didicerint,
895 1801 972 1824 cum
1005 1796 1094 1836 quot
1116 1791 1323 1825 triremibus
1345 1792 1521 1824 Romanus
1551 1791 1740 1834 adveniat,

322 1838 375 1870 ita
397 1838 594 1882 improvide
627 1837 919 1883 confidenterque
955 1838 1076 1870 navale
1102 1848 1182 1870 cum
1213 1839 1290 1882 ipso
1315 1838 1491 1883 praelium
1509 1839 1740 1872 committere.

320 1883 412 1917 Nam
436 1886 466 1918 si
490 1884 586 1918 vinci
611 1884 823 1928 contigerit,
852 1883 945 1916 nihil
968 1894 1152 1928 superesse
1168 1907 1178 1924 ,
1241 1895 1323 1916 uam
1346 1883 1520 1928 disperire
1551 1883 1739 1918 fundibus:

322 1941 402 1963 cum
434 1942 556 1965 omnes
591 1931 654 1975 qui
691 1930 729 1963 in
762 1930 878 1962 insula
912 1930 1007 1969 sint,
1044 1931 1203 1974 ipsorum
1253 1935 1346 1963 ostes
1382 1931 1455 1963 sint
1495 1941 1635 1976 unaque
1659 1941 1739 1966 cum

319 1976 488 2012 Romanis
514 1976 559 2011 ad
585 1987 706 2010 eorum
730 1977 877 2009 exitium
901 1975 1102 2009 incubituri
1126 1975 1336 2010 videantur.¹
1370 1976 1490 2022 Quare
1513 1977 1738 2021 imperatoris

319 2022 412 2059 vires
452 2030 489 2057 et
517 2023 718 2068 potentiam
743 2023 841 2066 prius
867 2021 1122 2066 indagandam:
1158 2027 1195 2055 et
1218 2023 1249 2055 si
1273 2033 1311 2056 se
1334 2028 1456 2056 contra
1479 2034 1552 2057 non
1578 2023 1738 2056 infirmos

319 2072 498 2110 sentiant,
538 2075 613 2102 tum
651 2068 793 2102 demum
841 2068 1127 2113 confligendum:
1163 2069 1220 2102 sin
1254 2070 1395 2110 minus,
1428 2069 1550 2104 salutis
1587 2068 1739 2114 aliquod

316 2117 520 2163 perfugium
550 2115 803 2162 quaerendum,
851 2115 960 2159 Quod
983 2114 1028 2148 ad
1053 2125 1109 2148 me
1130 2116 1259 2148 attinet
1274 2140 1284 2156 ‚
1308 2116 1439 2162 inquit,
1463 2114 1592 2160 cupide
1614 2114 1738 2148 vobis·

317 2172 400 2195 cum
434 2161 479 2195 ad
502 2161 594 2196 hanc
617 2162 781 2195 navalem
804 2173 960 2206 pugnam
988 2160 1216 2206 aggrederer:
1242 2161 1364 2195 Delios
1389 2166 1508 2196 autem
1521 2173 1533 2202 ,¹
1554 2166 1596 2194 ut
1620 2162 1737 2206 impe⁴

316 2208 427 2243 ratori
451 2209 555 2241 armis
582 2209 764 2248 resistant,
790 2219 894 2241 nemo
920 2207 1091 2241 adducet:
1118 2208 1181 2252 qui
1206 2208 1312 2242 citius
1337 2208 1456 2249 omnia
1480 2206 1550 2240 sibi
1574 2208 1736 2252 perpeti·

318 2254 411 2288 enda
427 2280 436 2296 ,
462 2266 567 2300 quam
590 2254 755 2288 adversus
780 2265 860 2287 eum
888 2253 1117 2299 pugnandum
1145 2259 1331 2291 testantur.
1359 2254 1493 2298 Cogere
1519 2253 1627 2297 igitur
1650 2253 1733 2286 illos

315 2301 371 2335 fas
404 2313 478 2334 non
517 2306 592 2342 est,
635 2299 775 2346 quando
814 2313 857 2334 ex
880 2310 994 2346 aequo
1035 2310 1156 2333 omnes
1197 2301 1248 2334 ita
1281 2301 1449 2334 sentiunt.
1500 2299 1592 2333 Mihi
1626 2307 1731 2345 porro

315 2357 355 2382 re
378 2347 598 2381 considerata
623 2347 888 2380 conducibilius
912 2351 1082 2392 apparet,
1107 2351 1296 2393 antequam
1320 2346 1412 2379 adsit
1434 2344 1651 2391 imperator,
1676 2356 1735 2379 re-

314 2393 454 2430 cedere.
503 2393 540 2426 Si
565 2394 661 2427 enim
686 2398 768 2426 ante
793 2395 868 2427 eius
901 2398 1130 2438 conspectum
1155 2393 1368 2438 fugerimus,
1393 2403 1466 2426 non
1490 2393 1735 2437 qualemcum—

315 2450 386 2485 que
422 2439 539 2473 labem
575 2439 888 2484 Hospitalensibus
923 2441 1118 2472 inuremus.
1177 2439 1289 2473 Vobis
1327 2450 1432 2472 curae
1471 2438 1560 2479 erit,
1592 2443 1634 2471 ut
1654 2438 1730 2471 illis

316 2487 451 2530 optime
479 2487 695 2520 consulatur.
728 2486 823 2519 Haec
848 2492 1038 2531 postquam
1061 2486 1156 2519 dicta
1180 2484 1300 2526 dedit,
1328 2496 1387 2518 eos
1409 2485 1525 2518 valere
1561 2484 1664 2517 iussit
1690 2495 1731 2517 ac

314 2532 444 2566 Delum
479 2533 648 2566 cucurrit.
703 2532 892 2565 Dominico
931 2533 1133 2578 ceterisque
1176 2531 1327 2565 ducibus
1365 2542 1438 2564 non
1474 2530 1627 2574 amplius
1657 2530 1730 2563 fuit

313 2580 494 2613 sententia
517 2578 670 2612 navibus
695 2577 886 2621 decertare3
911 2578 973 2611 sed
995 2579 1156 2612 triremes
1180 2578 1307 2623 quinas
1327 2577 1471 2624 quidem
1489 2574 1528 2610 in
1544 2576 1728 2610 castellum

313 2625 495 2670 quoddam
517 2625 646 2666 Lesbi,
672 2624 856 2658 Callonem
879 2624 1076 2666 vocabulo,
1100 2623 1145 2657 ad
1169 2629 1403 2658 commeatum
1437 2628 1475 2657 et
1505 2621 1728 2669 praesidium

312 2671 578 2718 importandum
592 2672 772 2721 Jmittunt‚
797 2671 894 2718 quod
916 2670 961 2705 ab
985 2672 1197 2717 imperatore
1219 2681 1284 2717 per
1315 2670 1558 2706 incursionem
1580 2672 1728 2715 captum
