1820 3164
283 54 396 120 488
812 65 1180 113 CANTAcozEm

98 168 316 227 A,C.13341'2'
348 170 416 214 διά
452 171 529 225 τὴν
560 169 663 210 κατὰ
691 167 765 222 τὴν
791 169 1006 224 στρατειαν
1040 171 1320 229 κακοπάθειαν
1369 171 1510 216 λύσειν
1536 170 1615 233 ἰὴν
1645 187 1721 216 πο-

291 238 477 293 λιορκίαν
507 229 535 288 ἢ
567 233 634 283 διά
662 231 709 275 τὸ
753 236 942 288 χειμῶνα
972 235 1230 290 ἐπιγίνεσθαι
1255 233 1334 293 ἤδη
1352 237 1604 296 προσδοκᾷν.
1639 236 1719 293 byei

291 303 338 344 δὲ
364 300 436 342 καί
475 297 573 354 περὶ
613 297 762 340 τούτου
810 297 1014 355 προδότης
1048 298 1272 355 γενήσομαι
1305 302 1427 358 ἡμῶν
1474 301 1612 346 aeras
1649 302 1725 344 καὶ

290 364 461 421 μηνύσω
492 369 641 419 προῖκα
671 358 782 404 ἅπαν
809 362 1000 418 τάληθές.
1028 366 1160 407 καίτοι
1186 381 1232 420 γε
1259 369 1412 409 πολλοῦ
1439 363 1491 410 ἂν
1517 368 1720 424 ἒπρίασθε

292 431 427 486 αὐτοί,
454 425 503 470 εὖ
534 425 654 482 οἶδα,
683 429 722 469 εἰ
748 425 777 469 εἳ
805 426 1084 482 διανοούμεθα
1110 432 1208 486 περὶ
1232 430 1370 484 ὑμῶν,
1398 432 1565 488 ἀληθῶς
1590 428 1747 485 §gers-5

253 510 380 543 Βνετο
417 497 594 548 μαθεῖν·
649 492 726 547 ἐγώ
763 495 809 536 δὲ
837 493 940 546 ὑμῖν
976 493 1050 536 καί
1072 496 1194 536 τοῦτο
1219 496 1473 551 χαριοῦμαι.
1523 493 1723 552 βασιλεῦς

289 561 367 613 μὲν
393 557 472 615 γάρ
502 558 574 600 καί
598 557 718 611 ἡμεῖς
746 559 818 600 καί
844 556 891 601 τὸ
923 558 1025 600 πολὺ
1055 559 1127 614 τῆς
1154 559 1351 615 στρατιᾶς
1379 557 1520 619 οἴκαδε
1547 556 1723 605 οἷπελευ-

290 624 464 678 σόμεθα,
484 625 551 666 ἵνα
571 623 629 678 μὴ
651 625 740 682 εἰκῇ
760 625 831 667 καί
851 623 987 680 μάτην
1008 626 1351 681 κατατριβιόμεθα
1371 619 1724 679 §musandum

289 707 336 733 τε
354 692 426 732 καί
441 690 523 732 ταῖν
543 693 672 733 ἐκεῖσε
693 690 946 746 πραγμάτων
973 691 1207 743 ἐπιμελείας
1226 691 1444 744 δεομένων,
1469 687 1522 746 ἢν
1540 687 1722 748 οὖκλέξὸν

289 759 502 800 ποιεῖσθαι
528 754 586 811 μὴ
608 756 697 798 ἐκεῖ
716 757 1034 811 ἐπιδημοῦντας.
1063 757 1267 798 ἐνταυθοῖ
1280 757 1325 798 δὲ
1346 753 1452 812 πρὸς
1468 757 1541 812 τὴν
1556 758 1776 812 πολιορ-ιο

289 824 385 864 κιάν
413 823 511 864 δέκα
534 822 837 875 καταλείψομεν
851 819 1032 878 τριήρεις
1051 820 1123 863 καί
1136 821 1331 878 μονήρεις
1350 820 1481 865 εἴκοσι
1497 819 1570 864 καὶ
1583 818 1725 878 ἑτέρας

290 888 488 943 τέτταρας
507 885 580 929 καί
601 884 730 929 εἴκοσι
757 886 832 936 τὰς
851 888 929 929 τοῦ
950 888 1148 943 Σαρχάνη
1169 889 1283 940 ναῦς,
1308 885 1466 941 μισθὸν
1485 884 1727 944 παρασχόν-

291 967 357 1000 τες
375 952 646 1007 διαρκέσοντα
667 946 770 1008 ἄχρι
787 948 899 1007 ἦρος.
930 953 972 994 οΐ
982 951 1092 1005 ὖμᾶς
1110 968 1153 995 τε
1171 951 1243 994 καὶ
1253 950 1571 1009 Μιτυληναίους
1589 951 1729 1008 α’σφα-

295 1018 379 1067 λαῖς
405 1016 750 1072 πολιορκήσουσιν
775 1018 1056 1073 ἐφορμοῦντες
1083 1019 1130 1060 ἐκ
1168 1016 1407 1073 θαλάσσης,
1463 1019 1510 1061 ἐκ
1536 1018 1583 1061 δὲ
1609 1011 1728 1072 ἧπεί-

297 1097 374 1138 ρου
403 1084 504 1136 ὑμῖν
530 1083 607 1135 μὲν
635 1082 877 1138 ἀρκέσουσιν
904 1080 929 1137 ἦ
958 1085 1035 1124 τοῦ
1062 1081 1260 1139 Σαρχάνη
1297 1085 1577 1139 παρακειμένη
1602 1084 1780 1138 ovea-15

265 1147 390 1191 Οτιά·
443 1147 748 1203 Μιτυληναίοις
784 1149 830 1190 δὲ
858 1147 897 1190 οἱ
929 1147 1157 1202 εΡωμαίων
1183 1146 1438 1205 μισθοφόροι
1455 1146 1540 1205 τὴν
1568 1149 1628 1197 εἷς
1654 1146 1730 1202 τὴν

294 1214 463 1265 Λέσβον
489 1210 629 1262 ἔξοδον
657 1210 932 1269 ἇπείρξουσιν,
961 1210 1067 1255 ὥστε
1095 1212 1168 1256 καὶ
1193 1214 1459 1270 οἷμφοτέρους
1477 1209 1731 1269 ἑκατέρωθεν

301 1278 575 1335 ἀπείργεσθαι
601 1277 646 1320 ἔκ
673 1294 717 1320 τε
751 1280 826 1335 γῆς
860 1282 932 1322 καί
954 1280 1160 1336 θαλάττης
1185 1280 1261 1322 τοῦ
1284 1280 1416 1335 μηδὲν
1442 1271 1621 1334 εἰσάγειν
1649 1278 1733 1320 τῶν

183 1357 224 1392 v.
241 1343 562 1399 238571c1775ec'wv.
616 1340 706 1397 ἅμα
737 1346 783 1386 δὲ
809 1341 883 1401 ἦρι
909 1346 1125 1403 ἀρχομένῳ
1153 1344 1281 1403 στόλῳ
1307 1343 1470 1403 μεγάλῳ
1507 1338 1635 1394 αὖθις
1662 1345 1733 1400 ἐφ’

304 1408 417 1462 ὑμᾶς
444 1407 761 1463 πλευσούμεθα,
803 1410 968 1465 γνώμην
993 1409 1156 1464 ἔχοντες
1181 1413 1310 1466 μέχρι
1335 1409 1490 1460 παντὸς
1517 1401 1784 1466 διακαρτε-Ἆο

298 1481 399 1530 ρεῖν,
428 1469 555 1528 ἄχρις
581 1469 631 1515 ἂν
659 1469 688 1529 ἢ
715 1477 822 1532 λιμῷ
849 1472 877 1530 ἢ
908 1472 1048 1524 ὅπλοις
1075 1473 1449 1532 παραστησάμενοι,
1476 1475 1732 1531 ἒξανδραπο-
1776 1471 1780 1474 ’

302 1538 520 1591 δισώμεθα
554 1538 694 1591 ὑμᾶς.
747 1539 852 1596 πρὸς
877 1539 1039 1589 τούτοις
1067 1542 1113 1582 δὲ
1141 1541 1213 1582 καί
1239 1537 1386 1596 ἑτέραν
1411 1541 1615 1594 βασιλέως
1641 1541 1733 1583 ἐπί-

301 1619 419 1647 νοιαν
447 1604 524 1645 οὔκ
553 1603 798 1659 ἀποκρύψω.
839 1605 1035 1659 βούλεται
1061 1604 1140 1660 γὰρ
1170 1609 1257 1656 τοῖς
1283 1597 1733 1666 συμπολιορκουμένοις

399 1694 432 1729 6.
480 1692 590 1727 τοῦτο
618 1705 684 1727 em.
708 1693 781 1729 ΕΙ).
808 1694 847 1731 Ρ.
869 1705 933 1740 pro
961 1692 1093 1739 τούτῳ.

307 1765 440 1802 restat,
473 1761 503 1794 si
527 1762 721 1805 imperator
751 1761 852 1795 deses
877 1763 991 1796 factus
1007 1787 1017 1803 ‚
1045 1767 1108 1797 aut
1130 1765 1278 1808 propter
1310 1762 1494 1807 impensae
1515 1761 1735 1807 magnitudi-

306 1819 390 1844 nem
405 1832 415 1848 ‚
447 1814 510 1841 aut
532 1812 678 1852 propter
701 1809 862 1841 attritum
886 1809 1145 1856 laboribusque
1175 1809 1378 1843 confectum
1411 1809 1607 1842 exercitum
1622 1832 1632 1849 ,
1670 1812 1734 1842 aut

305 1859 455 1902 propter
480 1854 728 1887 imminentem
752 1853 907 1888 hiemem
934 1855 1162 1890 obsidionem
1186 1855 1310 1892 solvat.
1354 1855 1427 1900 Ego
1452 1864 1538 1895 vero
1562 1859 1600 1888 et
1621 1854 1661 1887 in
1675 1853 1733 1887 his

304 1899 420 1936 nostri
444 1901 603 1944 ipsorum
628 1900 742 1933 factus
765 1900 938 1945 proditor,
965 1912 1106 1935 omnem
1130 1901 1183 1935 rei
1214 1902 1399 1935 veritatem
1422 1901 1577 1947 gratuito
1602 1910 1733 1944 expro-

305 1957 411 1979 mam:
439 1957 654 1992 quamquam
678 1958 738 1980 vos
763 1947 820 1979 vel
840 1948 1016 1981 talentum
1030 1948 1140 1981 fuisse
1160 1953 1405 1982 numeratur-os
1421 1947 1545 1988 sciam,
1569 1945 1613 1988 si,
1637 1957 1731 1991 quae

288 1991 353 2025 ·de
376 1992 479 2025 vobis
505 1993 604 2026 taciti
628 1993 822 2037 cogitamus
839 2017 848 2033 ‚
872 2005 955 2027 vere
980 2004 1190 2039 cognoscere
1216 1994 1388 2027 licuisset.
1422 1991 1494 2026 Sed
1520 1991 1731 2026 enimvobis

306 2036 377 2071 hoc
401 2040 506 2082 gratis
544 2038 649 2071 dabo.
708 2040 926 2083 Imperator,
952 2051 1016 2073 nos
1043 2040 1291 2086 exercitusque
1316 2050 1476 2084 magnam
1499 2043 1637 2084 partem
1661 2037 1733 2072 do-

307 2094 405 2116 mum
433 2084 679 2124 discedemus,
713 2096 759 2117 ne
785 2084 845 2117 hic
868 2090 1001 2119 temere
1026 2098 1065 2119 ac
1089 2086 1218 2120 frustra
1247 2096 1487 2119 maceremur:
1524 2085 1733 2129 praesertim

309 2140 388 2162 cum
420 2136 457 2163 et
491 2131 567 2164 illic
599 2130 800 2173 respublica
832 2132 990 2164 officium
1025 2131 1312 2178 industriamque
1338 2137 1494 2165 nostram
1528 2129 1731 2172 desideret,

309 2187 416 2220 quam
442 2178 475 2209 ei
499 2177 571 2209 nisi
597 2181 800 2220 praesentes
823 2183 1003 2221 praestare
1028 2190 1102 2212 non
1125 2189 1323 2223 possumus.
1357 2177 1424 2210 Hic
1444 2175 1491 2209 ad
1515 2176 1731 2210 continuan-

308 2221 391 2255 dam
426 2221 651 2256 obsidionem
676 2224 837 2256 triremes
865 2224 973 2258 denas
1012 2229 1048 2257 et
1073 2226 1253 2258 uniremes
1287 2224 1428 2257 vicenas
1465 2222 1724 2268 relinquemus:

309 2272 494 2312 praeterea
519 2268 563 2301 de
586 2269 734 2302 navibus
753 2269 941 2303 Sarchanis
962 2276 1115 2316 quatuor
1140 2276 1177 2304 et
1188 2270 1327 2315 viginti,
1348 2269 1592 2308 adnumerato,
1617 2279 1732 2314 quan-

289 2319 383 2347 *tum
410 2324 523 2359 usque
547 2314 591 2347 ad
614 2326 757 2349 vernam
791 2321 1038 2360 tempestatem
1062 2316 1196 2351 sufficit
1220 2315 1411 2361 stipendio.
1467 2315 1586 2359 Atque
1607 2314 1646 2348 hi
1669 2325 1730 2348 vos

310 2365 348 2393 et
370 2359 618 2403 Mitylenaeos,
643 2373 663 2393 a
685 2362 773 2394 mari
796 2362 889 2395 facto
907 2364 1044 2406 impetu
1065 2368 1160 2396 certo
1180 2361 1457 2408 oppugnabunt:
1483 2371 1504 2393 a
1523 2361 1731 2394 continente

310 2405 498 2439 Sarchanis
525 2407 646 2450 copiae
672 2409 861 2441 auxiliares
885 2409 968 2442 satis
992 2411 1164 2452 prement.
1220 2407 1445 2450 Mitylenaeis
1479 2417 1562 2440 vero
1599 2407 1729 2440 Roma-
1791 2418 1798 2421 ‘

309 2463 437 2491 norum
464 2452 678 2486 conductitii
702 2455 897 2498 ingressum
926 2455 964 2487 in
989 2455 1143 2487 insulam
1167 2451 1420 2492 inter-cludent,
1444 2458 1486 2485 ut
1508 2451 1612 2485 ambo
1636 2457 1730 2486 terra

307 2499 471 2542 marique
496 2500 628 2532 victum
653 2499 820 2533 invehere
843 2500 1119 2544 prohibeamini.
1166 2500 1258 2533 Vere
1280 2509 1372 2532 novo
1396 2508 1522 2543 magna
1543 2498 1654 2531 classe
1672 2509 1730 2532 re—

309 2549 510 2585 vertemur,
540 2555 581 2577 eo
606 2546 723 2579 animo
739 2571 748 2585 ,
774 2551 815 2579 ut
837 2547 973 2580 tamdiu
998 2557 1060 2583 vos
1094 2556 1356 2591 oppugnemus,
1392 2542 1510 2590 quoad
1546 2544 1603 2577 vel
1636 2542 1729 2577 same

309 2590 368 2623 vel
392 2592 498 2624 armis
522 2591 674 2624 domitos
690 2616 699 2632 ,
725 2592 762 2624 in
787 2594 993 2626 servitutem
1021 2592 1229 2637 redigamus.
1279 2592 1421 2624 Praeter
1445 2590 1534 2623 haec
1557 2588 1731 2634 aliasgad-

311 2634 382 2671 huc
406 2637 628 2682 imperatoris
653 2638 888 2682 cogitationes
915 2638 1068 2672 occultas
1093 2650 1165 2672 non
1190 2635 1341 2672 habebo.
1392 2635 1481 2670 Vult
1506 2635 1603 2669 enim
1629 2635 1730 2670 vobis
