1832 3132
261 97 375 165 404
788 100 1156 147 CANTACUzENx

72 222 255 266 A.„C.1329
265 215 401 268 ναχῶν
428 211 595 253 ἐνδῦναι
615 208 757 262 σχῆμα
780 207 857 262 ὕφ’
875 202 972 248 ὅτου
995 201 1048 248 ἂν
1074 206 1197 260 τύχοι
1223 203 1376 262 πατρὸς
1397 202 1688 258 πνενματίἐοῦ.

263 278 315 321 σύ
346 281 385 319 δ’
411 272 538 322 αὐτὸς
564 272 637 314 καί
666 269 743 326 τήν
773 267 912 327 ἆρχὴν
944 272 1004 320 εἷς
1038 271 1162 313 τοῦτο
1190 269 1475 327 παρώρμησας
1501 266 1690 324 βασιλέα.

211 349 217 356 '
262 343 355 385 τότε
376 342 452 393 μὲν
470 332 541 379 οὖν
563 336 589 391 ἦ
617 333 785 390 ἀπειρία
807 333 920 391 καὶῆ
946 330 1094 390 ἄγνοια
1119 331 1384 392 παρῃτήσατό
1411 350 1457 377 σε
1480 332 1538 389 μὴ
1557 332 1690 381 κακῶς

230 409 430 454 Βπαθεῑν·
485 398 537 444 ἂν
571 403 611 443 <5³
645 396 771 449 αὖθις
806 407 893 450 τοῖς
919 401 1062 450 αὐτοῖς
1091 395 1120 455 ἢ
1148 399 1221 442 καὶ
1247 403 1434 456 χείροσιν
1467 398 1690 454 ἐπιχειρῇς,

258 471 349 513 ἴσθι
374 466 432 524 μή
459 462 558 509 ἄνευ
579 469 781 523 τιμωρίας
804 462 1065 517 ἀπαλλάξων.
1119 467 1281 522 πρῶτον
1317 467 1394 518 μὲν
1419 462 1498 522 γὰρ
1535 463 1612 506 οὔκ
1643 464 1713 513 ἒξό

259 536 414 590 οἷγορᾶς
435 535 547 575 ἐστιν
576 529 827 588 ὠνήσασθαι
851 532 1048 585 βασιλέα,
1093 525 1145 572 ἂν
1162 531 1236 572 τοῦ
1263 525 1376 579 ὄντος
1397 523 1691 587 οἷποστερηθῶ-

258 615 358 653 μεν,
392 597 602 648 ἐπειτα,εἰ
623 595 695 638 καὶ
725 598 837 638 τοῦτ’
864 597 979 651 ἐξῆν,
1025 593 1115 637 ἄλλ’
1137 595 1210 637 οὔκ
1231 591 1283 637 ἂν
1302 592 1472 654 τοιούτῳ
1493 593 1692 650 ysius-15⁴·

255 679 388 717 χομεν
407 663 466 709 τὰ,
489 659 624 704 πάντα
653 663 864 719 βελτίστῳ.
893 659 990 710 τούς
1016 658 1093 716 γὰρ
1122 661 1350 714 μέλλοντας
1368 657 1568 715 τοσαύτην
1587 670 1691 715 προ-

259 726 436 772 στασίαν
462 725 857 783 ἐγχειρισθήσεσθαι
883 725 1136 782 πραγμάτων
1170 723 1192 767 ὅ
1220 723 1272 767 τοὶ
1295 725 1432 768 πάντα
1454 718 1693 781 προορώμε-

260 809 330 842 νος
362 791 462 842 θεὸς
503 791 730 846 ἀναλόγους
753 789 859 847 πρὸς
887 790 933 833 τὸ
966 793 1039 847 τῆς
1071 792 1205 848 ἀρχῆς
1236 793 1411 846 μέγεθος
1438 792 1745 846 δημιουργεῑζῐο

262 853 397 907 ἄλλως
418 873 485 911 τε,
513 857 657 905 πόσοις
689 858 772 898 τῶν
795 857 1002 912 νοσήμασι
1037 857 1182 906 δεινοῖς
1203 857 1482 910 παλαιόντων,
1507 853 1588 898 {md
1613 857 1692 910 μὲν

260 925 342 966 τῶν
392 923 546 978 ἰατρῶν
590 923 845 977 συμβέβηκεν
893 918 1235 978 ἆπαγόρευθῆναι
1282 921 1355 964 καί
1395 915 1455 971 εἰς
1500 918 1607 963 αὐτὸ
1642 921 1690 962 τὸ

262 988 442 1042 ἔσχατον
465 987 611 1028 δοκοῦν
645 988 938 1042 κατηντηκέναι
965 988 1040 1042 τῆς
1068 987 1187 1042 ζωῆς,
1216 984 1297 1028 ὖπὸ
1327 988 1374 1029 δὲ
1395 988 1472 1029 τοῦ
1491 983 1542 1028 τοὶ
1563 985 1693 1043 πάντα

263 1053 574 1105 οἰκονομοῦντος
601 1054 673 1093 καί
693 1051 1063 1104 μετασκευάζοντος
1090 1047 1118 1108 ᾗ
1138 1050 1354 1106 βούλεται,
1393 1047 1626 1107 ἆνεβίωσιέν
1646 1066 1692 1092 τε

232 1113 395 1166 Οαῧθις
422 1118 494 1158 καί
519 1114 735 1172 ῥαΐσαντες
765 1116 839 1158 οὐκ
873 1116 1033 1159 ἐλάσσω
1060 1118 1143 1159 τῶν
1175 1116 1490 1173 προτέρων-ἐτη
1521 1116 1747 1170 ἐπεβίω-15

262 1199 366 1235 σαν,·
405 1181 452 1225 τί
471 1177 544 1224 οὖν
570 1180 840 1236 θαυμαστὸν,
880 1184 920 1224 εἶ
934 1185 1037 1223 θεοῦ
1060 1185 1329 1236 βουλομένου,
1357 1183 1534 1224 τοιαῦτα
1558 1174 1696 1237 παρα-’-

130 1249 252 1294 ν-199
265 1248 419 1302 πλήσια
452 1246 524 1288 καί
555 1248 627 1288 ἒπί
657 1249 730 1288 τοῦ
759 1247 961 1303 ἡμετέρου
994 1247 1252 1302 συμβήσεται
1283 1249 1510 1301 βασιλέως,·
1560 1240 1610 1289 οὗ
1642 1239 1694 1301 δὴ

264 1316 380 1355 ἕνεκα
401 1311 469 1354 σοί
497 1312 614 1366 λέγω,
642 1313 812 1367 ἤρεμεῑν
833 1311 904 1353 καί
917 1310 975 1367 μή
1004 1314 1482 1368 βασιλέαπαρενοχλεῖν,
1512 1312 1603 1354 ἀλλ’
1625 1313 1696 1368 ἒᾷν

266 1374 397 1426 οὕτως
433 1374 543 1426 ὅπως
572 1376 659 1430 ἔχει
695 1376 919 1432 σχήματος.
988 1373 1067 1419 κᾶν
1092 1379 1169 1430 μὲν
1194 1376 1290 1426 θεὸς
1317 1375 1548 1431 “Ρωμαίοις
1575 1377 1697 1419 ἵλεων

265 1443 495 1496 ἐπιβλέψας
504 1475 516 1494 ,
544 1442 616 1483 τὸν
637 1441 834 1498 σφέτερον
857 1441 1086 1497 χαρίσηται
1104 1445 1292 1496 βασιλέα,
1325 1442 1435 1499 αὐτῷ
1452 1457 1496 1484 τε
1520 1440 1594 1491 τὰς
1622 1437 1750 1486 δυ-ἀο
1803 1434 1805 1436 ¹

269 1506 400 1555 νατιὶς
430 1505 701 1560 ἀποδώσομεν
722 1503 994 1563 εὐχαριστίας
1020 1506 1092 1548 καὶ
1109 1505 1208 1562 ἡμῖν
1233 1508 1373 1556 αὐτοῖς
1391 1505 1486 1550 οἷντί
1505 1508 1700 1562 μεγίστης

266 1572 462 1625 εὐτυχίας
496 1570 572 1626 τὴν
599 1570 742 1626 ὑγείαν
775 1570 1028 1627 λογιοῦμεθα
1060 1574 1276 1626 βασιλέως·
1331 1567 1383 1614 ἂν
1409 1573 1471 1626 δ’,
1510 1569 1532 1614 ὃ
1550 1570 1606 1627 μὴ
1630 1569 1700 1627 γε’ἓ-

265 1652 391 1690 νοιτο,
419 1635 614 1693 κρίμασιν
641 1632 702 1688 οἷς
723 1634 831 1680 οἶδεν
854 1636 1006 1692 αὔτὸς,
1038 1638 1083 1679 ἐκ
1110 1639 1193 1680 τῶν
1214 1638 1476 1695 προσκαίρων
1506 1638 1580 1680 καί
1608 1637 1704 1682 ἐπι-.

267 1741 431 1775 habitu‘m
454 1745 689 1777 monasticum
707 1754 725 1777 e
748 1744 1003 1790 cuiuscumque
1022 1744 1135 1789 patris
1156 1743 1351 1788 spiritualis
1368 1743 1531 1778 manibus
1560 1741 1699 1784 induat,

268 1789 312 1821 ad
338 1789 435 1833 quod
456 1790 557 1821 illum
585 1791 656 1822 iam
675 1790 815 1835 pridem
837 1791 1084 1824 exstimulasti.
1110 1791 1159 1823 Ac
1178 1796 1264 1823 tunc
1284 1790 1429 1835 quidem
1453 1790 1550 1837 quod
1571 1801 1700 1835 exper-

268 1840 326 1867 tus
349 1832 419 1868 tale
441 1836 639 1880 quidquam
656 1849 730 1870 non
746 1848 859 1876 esses,
886 1837 1203 1881 conditionemque
1219 1837 1272 1869 rei
1287 1837 1487 1881 ignorares,
1510 1848 1530 1870 a
1559 1835 1700 1882 suppli-

270 1882 325 1914 cio
344 1882 578 1914 excusabare:
620 1883 650 1914 si
685 1882 802 1916 denuo
833 1884 1018 1929 quippiam
1042 1882 1249 1916 huiusmodi
1280 1888 1342 1915 aut
1372 1882 1529 1916 deterius
1561 1881 1702 1928 aliquid

270 1927 469 1968 conabere,
495 1929 583 1960 scito
616 1929 684 1962 tibi
709 1941 782 1962 non
814 1931 864 1962 sic
893 1929 1084 1963 abiturum.
1134 1930 1288 1962 Primum
1315 1930 1412 1962 enim
1437 1929 1467 1961 si
1498 1928 1567 1962 hoc
1587 1930 1702 1973 impe-

267 1979 388 2006 ratore
418 1974 603 2014 orbemur,
640 1987 714 2008 non
747 1975 892 2009 dabitur
929 1975 1034 2008 nobis
1060 1977 1098 2008 in
1124 1975 1201 2008 soro
1227 1986 1343 2008 rerum
1375 1975 1554 2008 venalium
1582 1985 1700 2008 emere

271 2019 393 2051 alium.
442 2020 557 2065 Atque
582 2026 622 2053 ut
647 2021 804 2062 daretur,
834 2023 871 2054 in
893 2023 1014 2063 talem,
1041 2022 1079 2055 id
1102 2027 1156 2054 est
1175 2021 1389 2054 omnimodis
1409 2022 1599 2066 optimum,
1626 2032 1701 2054 non

270 2065 481 2097 incidemus.
530 2066 618 2098 Nam
642 2079 792 2112 quorum
809 2068 846 2100 in
871 2079 996 2101 manus
1017 2074 1157 2101 tantum
1184 2069 1374 2112 imperium
1398 2066 1609 2101 tradendum
1634 2072 1702 2108 est,

273 2121 332 2143 eos
356 2112 474 2143 omnia
491 2113 712 2156 prospiciens
736 2115 833 2148 Deus
861 2125 925 2157 pro
954 2120 1029 2148 rata
1060 2115 1225 2158 poi-tione
1253 2113 1298 2147 ad
1318 2114 1540 2159 principatus
1563 2113 1702 2158 magni·-

272 2156 435 2189 tudinem
462 2157 613 2191 condere
635 2165 742 2205 atque
768 2165 891 2204 aptare
909 2161 1105 2193 consuevit.
1153 2160 1208 2193 Ad
1227 2160 1316 2200 hoc,
1354 2171 1459 2206 quam
1489 2160 1595 2193 multi
1621 2157 1702 2192 eum

272 2202 482 2247 periculosis
503 2205 634 2237 morbis
654 2206 829 2239 luctantes
847 2211 882 2239 et
906 2218 925 2239 a
938 2206 1086 2239 medicis
1099 2206 1276 2250 desperati
1297 2212 1406 2251 atque
1426 2205 1472 2239 ad
1495 2211 1702 2246 extremum,

272 2253 314 2281 ut
337 2249 553 2291 apparebat,
578 2249 728 2284 halitum
760 2252 892 2285 redacti
909 2277 918 2294 ‚
945 2253 989 2285 ab
1015 2263 1056 2285 eo
1088 2253 1151 2297 qui
1180 2253 1270 2296 regit
1294 2258 1556 2298 commutatque
1584 2252 1704 2285 omnia

272 2299 380 2338 prout
418 2296 518 2334 vult,
562 2296 760 2340 integritati
794 2299 889 2331 vitae
935 2310 974 2332 ac
1012 2297 1229 2332 valetudinis
1269 2298 1449 2340 restituti,
1497 2298 1702 2343 praeteritis

273 2340 375 2372 annis
400 2352 473 2372 non
496 2343 683 2384 pauciores
710 2345 1009 2388 supervixerunt?
1034 2344 1136 2378 Nihil
1169 2356 1250 2389 ergo
1279 2355 1434 2385 novum,
1458 2345 1488 2377 si
1519 2344 1587 2376 Dei
1610 2348 1703 2376 nutu

275 2387 484 2429 imperatori
509 2393 630 2420 nostro
662 2388 757 2421 idem
790 2392 989 2435 contigerit.
1051 2390 1168 2435 Quam
1195 2391 1241 2424 ob
1266 2401 1403 2424 causam
1429 2390 1597 2434 praedico
1619 2389 1703 2430 tibi,

275 2433 461 2477 quiescas,
488 2444 554 2465 ncc
574 2434 676 2466 illum
699 2435 890 2469 obturbes:
917 2437 979 2470 sed
1009 2436 1105 2469 hune
1137 2448 1243 2482 quem
1273 2437 1363 2482 gerit
1386 2435 1551 2470 habitum
1583 2446 1703 2480 gerere

276 2479 381 2511 sinas.
430 2479 475 2511 Et
497 2479 526 2510 si
546 2480 690 2523 quidem
711 2482 806 2514 Deus
832 2483 1006 2515 Romanos
1025 2483 1184 2527 propitio
1199 2484 1334 2516 lumine
1356 2483 1562 2528 respiciens,
1584 2483 1703 2526 impe-

276 2530 429 2557 ratorem
450 2525 522 2557 illis
543 2524 787 2567 redonaverit,
816 2533 851 2560 et
871 2534 1022 2572 quantas
1040 2540 1138 2563 mens
1157 2535 1279 2563 nostra
1299 2530 1393 2574 capit
1410 2529 1536 2574 gratiss
1561 2539 1703 2573 agemus

278 2575 315 2602 et
345 2571 534 2603 sanitatem
570 2573 646 2605 eius
679 2573 717 2605 in
747 2575 900 2606 maxima
934 2575 1118 2608 felicitatis
1148 2581 1250 2619 parte
1282 2574 1560 2612 numerabimus.
1616 2573 1704 2615 Sin,

279 2617 377 2660 quod
399 2617 514 2657 absit,
540 2619 680 2652 occulto
703 2619 771 2651 Dei
793 2619 928 2653 iudicio
951 2621 996 2653 ab
1014 2621 1112 2655 hisce
1140 2622 1245 2655 fluxis
1271 2623 1495 2667 terrenisque
1526 2620 1572 2654 ad
1588 2619 1707 2653 ‘meli-

281 2673 342 2698 ora
366 2674 406 2696 ac
429 2663 649 2699 durabiliora
674 2665 809 2711 palatia
831 2666 1004 2708 evolat-it,
1038 2669 1100 2713 qui
1125 2673 1178 2702 est
1202 2668 1316 2703 iustus
1349 2667 1459 2702 iudex
1484 2671 1522 2702 et.
1545 2666 1705 2702 cordium

1824 1026 1832 1126 32
