1832 3138
267 121 287 158 1
299 123 368 160 02
794 115 1167 161 CANTACUZENI

64 232 147 272 A,c.
166 224 353 276 132171692
373 218 567 263 πλείστου
584 218 843 274 ποιήσασθαι
865 216 941 261 καὶ
961 217 1039 275 τήν
1060 221 1226 262 ἐκείνων
1244 220 1494 272 συμμαχίαν
1517 217 1593 262 καὶ
1605 234 1696 263 κοι-

258 286 422 330 νωνίαν.
448 283 599 328 τούτου
621 284 753 340 χάριν
775 284 998 340 οἷναγκαῖον
1019 282 1136 328 εἶναί
1144 299 1219 338 μοι
1242 285 1360 326 δοκεῖ
1373 282 1452 340 τὴν
1466 283 1572 343 πρὸς
1594 285 1702 328 31⁸5«

254 369 309 396 να
335 353 548 408 φέρουσαν
585 350 750 407 πρῶτον
780 347 974 393 ἑλέσθαι.
1027 347 1416 406 προσχωρησάντων
1449 351 1496 394 δὲ
1520 350 1702 410 ἐκείνων,

253 415 359 473 πρὸς
391 414 468 470 τὴν
504 415 829 458 Κωνσταντίνου
855 416 1124 471 βαδιούμεθα
1150 410 1423 471 θαρροῦντες,
1450 410 1538 459 οὔτ’
1564 411 1702 459 ὀπίσω

252 481 476 535 πολεμίους
498 480 815 535 καταλιπόντες,
859 480 934 524 καί
964 479 1169 538 διπλασίῳ
1191 479 1266 536 τὴν
1292 480 1472 535 δύναμιν
1493 489 1727 538 προσαιτῇ-5

216 558 245 594 c
258 546 470 600 σάμενοι.”
521 544 719 601 βασιλεὺς
741 548 820 600 μὲν
837 542 915 589 οὖν
935 547 1110 588 τοιαῦτα
1136 542 1237 600 εἶπε,
1258 542 1336 601 τὴν
1352 544 1457 603 πρὸς
1480 544 1556 603 τὴν
1576 543 1701 590 ἑσπέ-

251 627 333 668 ραν
360 608 532 654 ἑλέσθαι
560 611 724 655 πείθειν
753 613 1001 669 ἐπιχειρῶν·
1066 611 1106 654 οῖ
1140 613 1190 653 δ’,
1209 607 1340 660 αὖθις
1371 613 1458 655 τῶν
1483 613 1701 670 προτέρων

249 675 443 731 ἐχόμενοι
471 678 702 733 λογισμῶν,
753 675 857 734 πρὸς
880 676 1114 730 Βυζάντιον
1140 676 1280 731 ἔλεγον
1306 676 1478 719 οἷπιέναι
1508 677 1598 721 δεῖν
1629 676 1704 720 καὶ

249 736 400 785 όῖλλοσε
424 744 621 799 μηδαμῆ,
665 743 724 794 ὥς
752 739 877 786 οὐδὲν
898 738 945 786 ὂν
967 742 1085 800 ἔργον
1118 738 1223 785 αὐτὸ
1247 747 1498 799 κατασχεῖν,
1542 743 1618 788 καὶ
1638 742 1698 801 μὴ

248 807 513 864 παρατείνειν
531 807 600 852 τὸν
619 809 816 864 πόλεμον,
845 807 953 852 ἀλλὰ
974 815 1205 866 συναιρεῖν.
1701 828 1752 856 ιο

211 882 245 917 D
376 871 440 916 κά.
501 871 578 918 Ἐν
612 873 775 924 τούτοις
811 877 888 917 τοῦ
916 873 1096 930 μεγάλου
1136 875 1380 929 ὃομεστίκου
1413 875 1701 932 φθεγγομένου

143 948 184 986 V.
201 951 244 988 53
254 940 387 996 μηδὲν
407 939 490 995 „ozi
515 942 586 982 ὃ”’
608 939 775 998 ἔφασαν
796 937 924 995 ,,άνθ’
945 939 1043 983 ὅτου
1061 940 1121 997 μῆ
1149 940 1223 984 καί
1245 939 1371 991 αὐτὸς
1394 939 1494 998 περὶ
1523 941 1605 984 τῶν
1621 957 1704 984 πα-

246 1005 407 1063 ρόντων
435 1004 603 1062 γνώμην
621 1007 821 1062 εἰσάγεις,
861 1003 952 1049 ἄλλ’
976 1004 1111 1057 οὕτως
1138 1004 1196 1056 ὥς
1218 1008 1368 1050 καινοῦ
1385 1005 1566 1064 μηδενὸς
1590 1023 1704 1064 γινοτ

245 1073 375 1126 μένου
397 1070 558 1127 σιωπήν
583 1072 720 1123 ἀσκεΐς
729 1075 770 1126 ,·”
791 1068 888 1126 »ὅτι
910 1076 982 1128 γε”
1001 1068 1113 1115 εἶπεν
1134 1072 1214 1126 ,,οὖ
1230 1075 1575 1128 βουλευομένους,
1592 1069 1701 1116 ἀλλὰ

245 1135 324 1193 τὴν
343 1136 501 1192 βουλήν
520 1139 826 1195 ἐπικυροῧντας
848 1138 949 1196 δρῶ.
985 1140 1031 1181 εἰ
1044 1137 1124 1196 γὰρ
1145 1138 1434 1194 ἐβουλεύεσθε,
1463 1139 1563 1194 τάχ’
1581 1133 1634 1183 ἄν
1658 1144 1756 1187 ms

245 1201 320 1244 καὶ
342 1199 472 1258 αὐτὸς
496 1198 609 1246 εἶπον
629 1205 714 1247 τῶν
730 1204 1051 1262 συμφερόντων..
1071 1205 1121 1247 οὗ
1140 1203 1225 1260 μὴν
1246 1205 1336 1247 ἀλλ’
1356 1203 1527 1262 ἐπείπερ
1546 1205 1703 1249 ἐπύθε-

245 1265 379 1322 σθε,όί
399 1270 554 1323 νομίζω
573 1274 842 1328 συμφέροντα
861 1271 956 1328 ἐρῶ.
982 1270 1056 1314 καὶ
1064 1274 1228 1328 πρῶτον
1243 1273 1324 1325 μὲν
1339 1270 1480 1314 ἔπεισί
1494 1287 1569 1326 μοι
1589 1273 1703 1313 θαυ-

244 1334 406 1388 μάζειν,
431 1332 531 1378 ὅθεν
551 1333 661 1378 οὕτω
680 1339 898 1380 πεπείκατε
921 1334 1109 1390 ἑαυτοὺς,
1130 1335 1209 1380 σὺν
1230 1336 1373 1380 οὖδενί
1388 1336 1501 1396 πόνῳ
1521 1333 1722 1392 naz-alvi*
1764 1330 1765 1333 Ἴ

137 1408 175 1444 Ρ.
189 1406 236 1446 66
249 1407 410 1459 ψεσθαι
431 1401 504 1458 τὴν
523 1404 846 1446 Κωνσταντίνου
869 1401 994 1457 μόνον
1018 1403 1231 1460 ὀφθέντες.
1253 1403 1296 1445 εἰ
1309 1405 1390 1458 μὲν
1411 1403 1492 1460 γάρ
1513 1418 1557 1445 τι
1578 1403 1703 1446 πλέον

246 1469 333 1513 ἴστε
355 1464 384 1525 ἢ
404 1468 615 1511 ἐπύθεσθε
643 1463 702 1511 ὧν
721 1468 794 1511 καί
813 1469 938 1519 αὖτὸς
956 1469 1196 1524 ἐπίσταμαι,
1226 1465 1263 1523 ὅ,
1283 1485 1327 1512 τι
1347 1473 1439 1512 ποτ’
1462 1464 1515 1512 ἂν
1535 1466 1600 1525 εἴη
1616 1485 1756 1522 pta-20

246 1539 340 1578 θεῖν
358 1533 603 1591 ἐβουλόμην·
631 1535 671 1577 εἰ
689 1536 728 1576 δ’
749 1535 884 1588 οῦδὲν,
905 1536 1110 1579 τάναντία
1130 1533 1396 1578 παντάπασιν
1416 1535 1514 1590 ε’μοί
1534 1539 1701 1592 φρονεῖ-

246 1617 303 1643 τε.
327 1599 406 1654 ἐγώ
427 1599 508 1656 γάρ
533 1600 654 1646 πόλιν
673 1597 785 1642 οὕτω
804 1600 988 1656 μεγάλην
1008 1603 1080 1643 καί
1095 1600 1436 1657 πολυάνθρωπον,
1449 1599 1524 1643 καί
1534 1598 1704 1656 χρήμα-

247 1681 292 1709 σι
312 1667 386 1709 καί
405 1662 548 1716 ὅπλοις
562 1664 636 1708 καί
654 1666 930 1722 στρατιώταις
952 1665 1263 1722 δυνατωτάτην,
1289 1665 1364 1709 καί
1378 1666 1556 1721 βασιλέα
1577 1663 1704 1720 ἔχου-

253 1793 425 1828 mundum
454 1794 612 1827 maximi.
663 1794 786 1839 Quare
823 1805 903 1828 meo
929 1793 1067 1827 iudicio
1101 1798 1186 1830 ante
1220 1794 1343 1827 omnia
1366 1794 1440 1828 iter
1463 1804 1506 1828 eo
1532 1792 1705 1827 intenda-

250 1852 329 1874 mus
354 1852 502 1874 necesse
533 1846 597 1874 est.
647 1841 719 1874 Ubi
744 1852 782 1874 se
806 1841 894 1874 illae
916 1840 1107 1874 nobiscum
1134 1840 1392 1874 coniunxerint
1407 1865 1417 1881 ‚
1437 1844 1516 1877 tum
1540 1838 1704 1886 denique

249 1899 372 1933 neque
402 1887 507 1921 hoste
532 1889 604 1920 iam
627 1898 647 1920 a
670 1892 771 1931 tergo
807 1887 955 1926 relicto,
990 1890 1028 1919 et
1049 1887 1188 1920 viribus
1220 1887 1334 1921 altero
1357 1891 1461 1920 tauto
1484 1887 1623 1928 auctis,
1657 1884 1704 1919 ad

254 1934 601 1978 Constantinopolin
627 1932 906 1978 oppugnandam
929 1931 1084 1966 fidenter
1110 1934 1333 1967 accedemus.
1381 1933 1564 1967 Hactenus
1582 1933 1703 1977 impe·-

254 1986 364 2019 rator,
389 1981 653 2025 profectionem
676 1980 751 2013 illis
772 1980 811 2013 in
835 1978 1061 2012 occidentem
1080 1979 1299 2024 persuadere
1323 1979 1494 2019 laborant
1515 1979 1702 2015 videlicet.

252 2027 300 2060 At
334 2027 392 2059 illi
427 2028 467 2060 iu
507 2027 688 2059 sententia
730 2026 887 2071 pristina
919 2032 1210 2070 perseverantes,
1249 2026 1481 2070 Byzantium,
1517 2025 1590 2060 alio
1614 2037 1704 2059 nus-

251 2084 361 2118 quam
403 2074 474 2106 iter
512 2072 772 2106 conferendum
805 2072 949 2112 dicere,
982 2071 1081 2118 quod
1113 2084 1155 2106 eo
1187 2073 1300 2118 potiri
1333 2072 1430 2107 nihil
1462 2073 1511 2109 sit
1542 2072 1703 2119 negotii,

253 2118 466 2165 bellumque
492 2119 706 2152 contrahere
731 2119 874 2164 potius,
899 2130 1008 2164 quam
1032 2118 1162 2152 ducere
1188 2124 1366 2164 oportere.

348 2188 406 2213 αι.
433 2178 531 2210 Inter
569 2175 658 2209 haec
687 2181 831 2210 tacente
867 2187 995 2221 magno
1029 2175 1246 2217 domestico,
1283 2176 1385 2222 Quid
1417 2180 1479 2218 tu,
1516 2174 1703 2222 inquiunt,

255 2235 319 2257 cur
341 2235 416 2256 non
450 2224 559 2256 etiam
583 2222 745 2267 profers,
784 2221 829 2256 de
864 2223 1050 2268 proposita
1085 2235 1124 2257 re
1159 2223 1250 2269 quid
1284 2223 1449 2257 sentias?
1483 2234 1568 2262 cur,
1601 2223 1705 2267 quasi

254 2270 353 2305 nihil
389 2275 514 2315 agatur
539 2271 646 2310 novi,
680 2271 732 2302 ita
760 2269 863 2303 siles?
911 2270 1021 2314 Quod
1045 2280 1128 2311 vos,
1161 2271 1318 2303 occurrit
1336 2270 1421 2311 ille,
1457 2281 1531 2303 non
1551 2269 1704 2302 consilia

255 2318 434 2362 agitantes
449 2342 458 2356 ‚
496 2316 560 2350 sed
584 2316 748 2349 consulta
770 2316 841 2349 i'am
867 2321 944 2349 rata
970 2317 1144 2349 facientes
1167 2316 1286 2350 video.
1335 2316 1479 2350 Etenim
1503 2317 1534 2349 si
1559 2315 1705 2348 consul-

256 2363 407 2404 viretis,
432 2363 583 2396 forsitan
610 2374 674 2408 ego
707 2373 854 2408 quoque
884 2363 976 2396 utile
1003 2362 1176 2408 quiddam
1208 2364 1248 2396 in
1272 2362 1432 2396 medium
1458 2362 1702 2408 protulissem.

255 2409 384 2443 Nihilo
412 2410 531 2443 minus
567 2411 653 2454 quia
685 2409 937 2451 sciscitamini,
971 2421 1046 2442 non
1080 2409 1228 2451 celabo,
1270 2421 1364 2455 quae
1388 2408 1610 2443 conductui-a
1633 2406 1703 2441 de-

260 2467 379 2489 cerno.
429 2456 610 2501 Principio
637 2457 767 2497 miror,
805 2455 901 2489 unde
935 2457 974 2489 in
1008 2467 1084 2489 eam
1108 2457 1320 2499 opinionem
1342 2455 1537 2497 veneritis,
1574 2452 1702 2487 labore

257 2503 380 2543 nullo,
420 2503 484 2536 sed
517 2508 710 2547 conspectu
743 2504 820 2536 solo
847 2502 1189 2547 Constantinopolin
1222 2514 1299 2536 esse
1330 2508 1508 2548 capturos,
1555 2500 1648 2534 Nam
1671 2500 1702 2534 si

258 2561 321 2582 vos
357 2549 510 2593 amplius
546 2549 686 2596 aliquid
721 2552 834 2583 nostis
874 2549 1105 2583 auditioneve
1137 2549 1346 2594 accepistis,
1391 2559 1498 2594 quam
1524 2559 1590 2594 ego
1614 2548 1702 2589 scio,

260 2596 352 2642 quid
377 2595 470 2629 illud
494 2596 639 2630 taudem
663 2597 728 2636 sit,
762 2606 867 2629 nosse
895 2596 1026 2638 velim3
1066 2597 1123 2630 sin
1146 2597 1285 2635 minus,
1312 2600 1388 2628 tum
1410 2605 1472 2629 vos
1492 2595 1702 2640 longissime

260 2643 306 2676 ab
340 2643 513 2688 opinione
547 2654 625 2677 mea
662 2642 859 2676 disceditis.
907 2644 980 2688 Ego
1011 2642 1192 2688 siquidem
1224 2642 1408 2676 civitatem
1431 2641 1521 2676 adeo
1547 2642 1702 2687 amplam

262 2694 300 2724 et
323 2690 550 2738 frequentem
566 2716 576 2732 ‚
597 2690 785 2738 pecuniis,
809 2689 938 2732 armis,
962 2689 1143 2724 militibus
1171 2689 1479 2735 potentissimam,
1503 2688 1700 2735 imperato-
