1832 3138
1626 89 1640 108 0

306 81 381 140 68
796 92 799 97 ·
831 94 1204 140 CANTACUZENI

107 203 323 247 A.c.1321‹5
348 193 712 258 Ἀκροπολίτηςῆν
732 201 1059 252 Κωνσταντῖνος,
1087 200 1216 253 μέγας
1238 196 1458 252 λογοθέτης
1483 189 1540 260 ὢν
1563 193 1637 265 κοιιῖ
1650 195 1728 259 αὖ..

264 266 383 316 Βτός.
411 268 475 308 ἐπ’
504 262 639 319 ὄλι’γον
660 266 707 307 δὲ
734 267 851 320 σιγῆς
871 267 1108 320 γενομένης,
1155 263 1179 305 ὅ
1206 264 1289 304 τῶν
1332 257 1606 316 Ἀνδρονίκων
1627 277 1728 318 πρε-

294 331 491 386 σβύτερος
503 325 789 386 λόγουῆπτετο
813 329 1010 384 βασιλεὺς
1031 328 1238 371 τοιούτου·
1274 328 1483 379 ,,δὲσποτα
1507 327 1726 397 παρριάρχα

293 395 366 438 καί
389 396 508 448 ὑμεῖς
539 392 577 436 οἱ
609 396 832 451 παρόντες,
858 395 881 436 ὅ
907 389 1125 450 ἄνθρωπος
1159 387 1278 441 οὗτος
1309 389 1427 448 (περὶ
1457 390 1534 432 τοῦ
1556 387 1724 453 ἐγνόνου

294 462 426 515 δηλῶν
437 456 469 516 ,)
510 458 597 500 ἔστι
621 462 699 514 μὲν
723 459 899 516 σκληρὸς
925 458 997 500 καί
1015 456 1114 507 τούς
1141 458 1320 514 τρόπους
1342 452 1554 512 αὐθάδης·
1590 451 1655 508 ἔτι
1677 451 1751 499 δὲ5

292 522 364 566 καὶ
392 524 621 580 παρήκοος,
664 524 735 566 καί
765 519 960 578 οὐδαμῶς
984 522 1163 565 ὑπείκων
1200 519 1316 575 ἐμοὶ,
1357 516 1447 563 ἄλλ’
1474 518 1502 564 οἳ
1529 518 1726 575 βούλοιτο

293 587 500 645 πράττων,
539 589 615 630 τοῦ
637 588 839 645 ἡμετέρου
866 588 987 643 λόγον
1003 588 1234 642 θελήματος
1253 583 1494 640 ποιούμενος
1523 581 1617 627 οὔδ’
1641 581 1727 639 ‹inl-

290 669 370 708 γον.
397 652 465 696 διὰ
478 655 691 695 τοῦτο”-
702 656 828 709 μέχρι
845 657 923 708 μὲν
934 651 1012 696 οὖν
1033 652 1184 696 τούτου
1199 652 1366 694 σιωπῶν
1384 648 1620 706 βασιλεύςὸ
1631 652 1725 701 ῖνέος

183 722 224 757 V.
244 724 285 768 37
307 719 501 774 καθῆστο·
522 718 568 761 τὸ
592 718 690 772 »διὰ
711 722 865 761 τοῦτο”
906 722 952 761 δὲ
981 716 1115 776 ἀρχὴν
1140 714 1387 773 ἀποφάσεως
1410 711 1517 759 εἶναι
1537 715 1722 769 νομίσας,

291 783 477 838 „ri-§qual
493 798 583 838 σου,
611 782 801 827 θειότατέ
833 801 904 838 μοι
934 786 1006 827 καί
1033 785 1148 839 κύριε
1178 783 1381 837 βασιλεῧ”
1419 777 1507 823 εἷπε
1543 779 1773 837 »μικρὸνῑθ

295 845 546 903 ἐπισχόντα,
586 848 703 903 λόγου
732 850 879 905 χρόνον
905 846 1041 904 ὅλίγον
1069 847 1164 902 ἐμοὶ
1193 847 1469 903 χαρίσασθαι·
1507 842 1535 888 ἃ
1555 847 1602 888 δὲ
1619 846 1722 901 βού-

296 918 421 967 λομαι
449 913 694 963 διεξελθόντι
722 914 779 963 ὥς
810 915 855 956 ἐν
887 918 1056 971 βραχεῖ,
1097 916 1173 955 τοῦ
1194 911 1315 967 λόγου
1352 909 1400 954 τὸ
1424 909 1569 954 λοιπὸν
1595 909 1722 961 αὕτὸς

242 991 268 1024 c
286 980 514 1035 περανεῖς.”
533 980 607 1020 τοῦ
629 980 667 1020 δ’
680 981 979 1035 ἐπιτρέψαντος
1012 977 1045 1039 ἃ.
1062 979 1255 1033 βούλοιτο
1279 981 1423 1032 λέγειν,
1450 974 1554 1031 »τὸν
1577 974 1721 1029 θεὸν,”

284 1043 306 1086 ὅ
336 1046 425 1093 νέος
456 1041 718 1100 Ἀνδρόνικος
753 1043 848 1100 ἔφη,
876 1046 988 1098 »τῶν
1010 1042 1224 1101 παρόντων
1242 1040 1371 1098 λόγων
1396 1041 1591 1100 μάρτυρα
1613 1057 1718 1099 προ-

285 1111 504 1162 καλοῦμαι,
529 1108 586 1158 αἷς
613 1105 734 1151 οῦδὲν
756 1104 815 1152 ὧν
840 1111 1091 1164 ἐγκαλοῦμαι
1113 1110 1280 1167 ἐμαυτῷ
1300 1107 1471 1150 σύνοιδα
1497 1102 1768 1163 εἶργασμέ-ῐ5

283 1189 351 1231 νῳ,
381 1171 427 1214 τό
455 1175 491 1214 δ’
520 1171 622 1216 αὐτὸ
640 1173 712 1215 καί
736 1171 935 1231 πρότερον
967 1174 1156 1229 ἐδήλωσα
1183 1175 1240 1231 τῷ
1265 1175 1323 1230 σῷ
1337 1173 1505 1229 κράτει,
1532 1173 1590 1228 τῷ
1605 1174 1716 1214 θαυ-

282 1237 417 1295 μασίῳ
443 1234 596 1294 Ἰωσὴφ
618 1239 876 1295 χρησάμενος
896 1241 1141 1295 πρεσβευτῇ.
1171 1241 1294 1280 τοῦτο
1319 1237 1369 1293 δὴ
1395 1236 1468 1279 καὶ
1492 1238 1568 1279 νῦν
1586 1231 1715 1286 αὖθις

284 1302 597 1358 διισχυρίζομαι
606 1336 619 1356 ,
655 1304 727 1346 καί
755 1301 892 1360 ὅρκοις
914 1303 1186 1357 πιστούμενος
1206 1302 1304 1353 τοὺς
1332 1304 1499 1358 λόγους,
1537 1296 1713 1351 ὥςοῖἷτε

284 1367 359 1408 νῦν
378 1362 470 1408 οὔτε
491 1366 584 1409 τότε
603 1370 685 1410 τῶν
698 1370 1003 1423 ἐγκαλουμένων
1017 1366 1184 1427 ’ἐμαυτῷ
1200 1386 1241 1411 τι
1262 1369 1432 1411 σύνοιδα
1444 1369 1713 1426 εἰργασμένῳ.

288 1430 588 1487 ἐξαμαρτάνειν
607 1435 749 1486 μέντοι
760 1449 805 1487 γε
825 1433 898 1493 καὶ
913 1432 1020 1476 πάνυ
1046 1434 1245 1487 πείθομαι
1270 1435 1461 1486 τοιαῦτα,
1489 1428 1599 1486 οἷον,
1627 1432 1763 1487 εἴγεΖΟ.

281 1494 348 1536 σοι’
368 1497 444 1548 μὲν
469 1492 541 1537 οὖκ
568 1491 713 1553 ἤρεσκε
739 1496 840 1554 πρὸς
863 1501 1103 1554 κυνηγεσίαν
1136 1496 1330 1541 ἀπελθεῖν
1345 1531 1358 1551 ,
1396 1495 1477 1553 ἐγώ
1509 1498 1556 1539 δὲ
1576 1494 1710 1553 ἇπῆλ-

238 1562 368 1600 Βθον·
396 1562 436 1602 εἰ
456 1563 527 1603 ε’πί
545 1565 712 1605 πλείονα
735 1562 884 1619 χρόνον
903 1563 1144 1620 ἐχρησάμην
1169 1566 1302 1622 ἵππῳ,
1345 1562 1415 1605 σοὶ
1434 1563 1585 1614 τούτου
1607 1561 1708 1612 ἴσως

279 1620 328 1665 οὗ
351 1626 483 1675 καλῶς
511 1624 622 1680 ἔχειν
640 1629 866 1678 δοκοῦντος·
895 1623 921 1684 ἢ
942 1629 982 1670 εἰ
1005 1630 1055 1684 δή
1071 1645 1113 1671 τι
1135 1631 1322 1672 τοιοῦτον
1342 1631 1494 1686 ἕτερον·
1521 1626 1707 1678 καὶτοῦ-

371 1730 422 1756 12.
448 1721 682 1757 Scribcndum
706 1722 855 1758 fortasse
879 1722 1142 1764 διεξελθόντος.

277 1806 313 1836 et
335 1802 590 1839 Constantinus
614 1804 839 1852 Acropolita‚
865 1808 940 1852 ipsc
966 1819 1111 1855 quoque
1142 1809 1259 1854 magni
1289 1807 1495 1854 logothetae
1527 1807 1704 1854 dignitate

275 1855 427 1884 ornatus.
476 1852 582 1885 Facto
606 1852 715 1897 igitur
737 1853 919 1898 paulisper
944 1856 1102 1896 silentio,
1128 1855 1352 1889 Andronicus
1375 1856 1489 1888 maior
1510 1855 1602 1888 infit:
1627 1855 1703 1887 Do-

271 1897 368 1929 mine
400 1898 618 1941 patriarcha,
656 1901 792 1945 quique
833 1911 947 1934 coram
982 1902 1135 1942 adestis,
1164 1901 1224 1935 hic
1253 1901 1361 1934 homo
1385 1901 1579 1946 (nepotem
1603 1900 1700 1934 desi-

271 1942 394 1987 gnans)
421 1949 474 1976 est
498 1945 654 1978 moribus
692 1946 929 1980 intractabilis
955 1953 992 1981 et
1023 1959 1190 1992 arrogans
1215 1953 1322 1992 atque
1345 1946 1579 1986 inobediens,
1606 1957 1698 1979 11⁶¹!-

271 1988 406 2032 tiquam
432 1988 521 2023 mihi
550 1991 667 2034 cedit3
694 1991 757 2024 sed
780 2003 844 2035 pro
870 1993 1024 2026 libidine
1049 1995 1122 2038 agit
1153 1995 1271 2027 omnia
1289 2017 1299 2033 ‚
1331 1999 1474 2026 nostrae
1503 1992 1698 2026 voluntatis

270 2044 314 2066 ne
327 2044 465 2076 parvam
482 2037 627 2080 quidem
641 2039 813 2071 rationem
823 2037 966 2072 ducens.
995 2039 1423 2084 Propterea—Hactenus
1435 2038 1555 2073 iunior
1567 2038 1697 2072 tacitus

269 2079 426 2114 sedebat.
475 2082 568 2115 Illud
612 2088 729 2116 autem
763 2084 934 2125 verbum,
971 2086 1181 2130 Propterea,
1206 2085 1352 2119 initium
1376 2085 1543 2119 ferendae
1566 2084 1699 2118 adver-

272 2136 350 2157 sum
374 2136 410 2158 sc
436 2130 635 2162 sententiae
658 2135 774 2168 ratus,
805 2129 961 2163 Obsecro
986 2136 1045 2171 te,
1073 2132 1266 2172 exclamat,
1290 2131 1527 2165 sacratissime
1548 2130 1695 2165 domine

268 2171 483 2215 imperator,
509 2175 706 2216 pauxillum
730 2175 903 2215 subsiste,
928 2176 1091 2222 mihique
1121 2176 1279 2210 medium
1302 2178 1454 2220 spatium
1476 2177 1521 2210 ad
1543 2177 1696 2221 loquen-

267 2216 351 2250 dum
377 2229 422 2251 ne
447 2218 602 2264 denega3
627 2227 663 2255 et
685 2221 749 2254 ubi
774 2224 996 2263 summatim,
1024 2234 1116 2267 quae
1142 2223 1305 2257 voluntas
1329 2223 1423 2265 fert,
1448 2223 1693 2268 explicavero,

266 2264 443 2308 reliquum
473 2267 644 2300 orationis
680 2272 764 2300 tuae
800 2268 988 2304 absolvito,
1037 2270 1186 2303 Sinente
1211 2280 1308 2310 sene,
1346 2275 1389 2302 ut
1411 2270 1568 2310 diceret,
1601 2280 1693 2315 quae

263 2310 395 2350 vellet,
420 2309 514 2343 hunc
536 2313 575 2344 in
600 2314 744 2347 modum
769 2312 956 2347 disseruit:
981 2315 1096 2348 Deum
1119 2320 1248 2349 testem
1278 2316 1427 2356 invoco,
1458 2327 1515 2349 me
1541 2327 1694 2360 quorum

263 2366 407 2389 accusor
431 2358 638 2399 criminum,
662 2360 798 2392 nullius
826 2359 915 2392 mihi
940 2361 1121 2394 conscium
1145 2372 1231 2394 esse.
1292 2361 1400 2406 Quod
1422 2363 1540 2406 ipsum
1564 2366 1601 2394 et
1624 2362 1693 2394 ali-

263 2411 299 2433 as
335 2402 511 2436 maiestati
544 2409 627 2437 tuae
660 2404 726 2450 per
755 2405 869 2439 virum
905 2407 1140 2440 excellentem
1173 2407 1363 2452 Iosephum
1396 2408 1550 2452 legatum
1572 2418 1692 2441 meum

262 2446 438 2489 indicavi,
467 2454 503 2482 et
526 2460 620 2483 nunc
643 2462 761 2484 rursus
785 2462 924 2485 assero:
951 2457 987 2486 et
1010 2458 1052 2486 ut
1073 2453 1191 2486 verbis
1216 2455 1305 2487 meis
1328 2453 1423 2498 apud
1445 2459 1482 2486 te
1507 2454 1595 2487 fides
1619 2454 1690 2494 sit,

261 2492 505 2540 iusiurandum
531 2495 735 2541 interpono,
759 2497 1014 2531 conscientiam
1037 2509 1152 2532 meam
1183 2509 1250 2532 nec
1286 2499 1395 2534 hodie
1430 2499 1597 2544 impediri
1632 2505 1689 2533 at-

260 2550 330 2584 que
354 2542 532 2583 convinci,
556 2552 622 2574 nec
646 2547 720 2575 tum
751 2542 960 2586 impeditam
985 2550 1092 2590 atque
1123 2546 1318 2579 convictam
1342 2546 1453 2579 fuisse
1486 2545 1596 2578 ullius
1620 2544 1689 2578 ho-

259 2596 336 2617 rum
360 2587 531 2620 scelerum
545 2612 556 2628 ,
576 2598 728 2632 quorum
752 2599 848 2622 nunc
871 2600 952 2623 reus
977 2601 1138 2636 peragor.
1164 2591 1416 2625 Verumtamen
1439 2601 1602 2635 peccasse
1630 2602 1687 2624 me

258 2631 345 2664 talia
369 2632 540 2677 quaedam
564 2639 707 2676 peccata
731 2634 888 2668 libenter
912 2636 1147 2678 crediderim,
1171 2642 1213 2670 ut
1236 2637 1266 2670 si
1297 2642 1333 2671 te
1369 2638 1482 2672 invito
1516 2641 1686 2670 venatum

257 2675 381 2723 ἑστίαις
409 2679 439 2712 si
464 2678 612 2721 diutius,
636 2690 744 2727 quam
765 2685 807 2715 tu
834 2680 984 2717 forsitan
1013 2682 1123 2719 velles
1138 2708 1149 2725 ‚
1182 2683 1407 2729 equestribus
1442 2682 1536 2716 ludis
1560 2681 1686 2716 indul-
