1728 3158
643 102 1517 148 PRAEFAT1o.xv11

76 220 465 292 pavindmmque
463 215 692 258 rectoribus
722 230 768 255 ac
791 216 887 256 belli
903 214 1072 257 ducibus
1086 217 1280 258 maiorem
1296 217 1338 258 in
1352 216 1519 257 modum

66 287 67 291 ’
139 308 198 325 ,ψ’
227 330 231 333 ,
245 306 253 321 ι
268 332 270 334 v
287 293 423 326 turam
440 290 595 338 putem.
652 282 756 321 Cum
787 288 922 321 autem
948 284 1083 322 virum
1109 282 1317 337 politicum
1344 282 1396 323 ad
1415 282 1520 323 bene

59 347 65 355 ‘
131 380 148 405 ,³
209 365 299 393 um
324 350 414 392 aliis
441 361 603 404 quoque
620 347 837 387 virtutibus
859 341 986 386 nihilo
1006 348 1139 387 minus
1167 349 1406 389 instructum
1434 361 1520 388 esse

205 438 229 453 μ
271 445 285 470 ,
312 430 366 457 ne
383 428 524 456 earum
548 413 712 468 quidem
746 412 925 466 exempla
952 412 1270 468 documentaque
1288 414 1354 454 hic
1370 414 1521 454 frustra

20 482 29 498 ²
58 483 303 540 vfflfflssv·
324 482 382 522 In
399 480 546 536 quibus
567 478 696 534 qualis
717 478 836 518 fuerit
854 478 1182 531 Cantacuzenus,
1210 480 1315 519 infla
1334 480 1520 521 ostende·

99 615 326 666 ‘ssshnente
343 614 397 656 V.
416 613 605 668 pontifice
632 611 806 651 maximo
834 611 877 651 in
906 617 1106 664 extravag.
1127 612 1434 665 communibus,
1473 621 1522 654 ut

18 718 22 721 .
66 714 68 718 ,
138 708 153 717 -
157 682 366 733 ;‘1'um·-·
403 686 444 720 et
462 678 684 724 schismatis
723 678 878 731 antiqui
897 676 1095 716 fautorem
1113 679 1521 720 excommunicatione

29 751 310 809 pacussu⁴m
331 746 555 796 existimat,
582 745 617 784 is
642 751 826 798 tempora
844 742 950 784 male
967 744 1199 796 componit,
1227 750 1268 783 et
1296 736 1520 797 ἆνιστορη-
1575 738 1581 745 “

20 797 148 871 Ῐὲμᾳ
178 813 386 857 mamfeste
420 810 590 852 laborat.
657 809 740 861 Qui
770 810 878 849 enim
911 816 1008 848 tunc
1046 808 1271 862 imperabat
1284 837 1296 860 ,
1342 816 1382 848 et
1412 809 1520 850 ultra

18 872 58 911 ³1¹
57 878 207 924 adhue
237 879 352 919 annis
380 876 610 932 quindecim
634 882 730 930 post
749 874 965 915 Clementis
985 889 1008 914 e
1039 876 1123 914 vita
1153 874 1401 915 discessum
1390 890 1519 930 impe-

12 941 183 999 {3an
210 943 468 985 Andronicus
492 943 625 982 senior
639 971 652 994 ,
687 955 806 982 sacro
836 940 906 982 illo
936 940 1103 980 fulmine
1125 947 1254 980 taetus
1281 947 1354 986 est.
1407 942 1520 997 Ergo

30 1010 121 1066 ‘jijxff'n
134 1001 375 1059 'Andronico
397 1009 556 1049 iuniore
573 1007 792 1048 Christiani
822 1008 1074 1062 imperatoris
1096 1021 1323 1061 expressum
1336 1038 1348 1059 ‚
1378 1023 1424 1048 ac
1455 1011 1519 1049 vi·-

53 1088 175 1119 vum
195 1073 494 1131 quodammodo
524 1072 784 1116 simulacrum
803 1073 869 1115 hic
889 1074 1140 1148 proponitur.
1197 1073 1273 1114 Est
1299 1075 1406 1113 enim
1420 1103 1433 1127 ,
1475 1082 1521 1114 ut

27 1139 212 1219 ,Zp-0038
247 1148 288 1182 et
310 1140 542 1182 summatim
570 1154 752 1194 agamus,
781 1139 947 1193 excelsi,
977 1154 1051 1181 nec
1080 1140 1214 1180 minus
1241 1139 1411 1181 modesti
1430 1142 1518 1180 ani-

19 1258 22 1259 7
27 1194 149 1265 ’'ssyxlfli,
173 1207 390 1259 beneficus,
418 1206 533 1248 sortis
553 1213 593 1246 et
617 1220 849 1261 generosus,
875 1206 1067 1246 adversus
1084 1205 1188 1246 bene
1206 1213 1404 1246 merentes
1426 1221 1518 1261 gra-1

14 1286 20 1291 ·
58 1280 154 1326 w,
178 1273 396 1326 humanus,
423 1272 678 1325 iniuriarum,
706 1271 971 1327 laborumque
996 1271 1188 1323 tolerans,
1217 1272 1260 1312 in
1278 1273 1519 1326 ignoscendo

47 1336 179 1385 rmitis
192 1366 206 1393 ,
243 1339 495 1391 misericors,
537 1339 647 1392 pacis
665 1338 864 1393 cupidus,
902 1340 946 1378 in
977 1335 1239 1378 consultando
1265 1352 1358 1378 cum
1381 1340 1520 1379 amicis

50 1402 239 1460 &Egens
273 1404 407 1459 (quod
432 1410 574 1444 contra
603 1406 795 1445 mentitur
821 1405 1051 1458 Gregoras,
1092 1404 1190 1443 dum
1220 1404 1386 1451 consilia
1406 1405 1521 1446 nulla

28 1469 304 1535 npthnisisse,
345 1478 386 1510 et
407 1471 631 1525 imperium'
646 1467 862 1525 neglexisse
886 1470 1089 1521 autumat)
1115 1469 1168 1509 ab
1195 1470 1289 1510 odio
1311 1472 1356 1510 'in
1376 1485 1518 1526 quem-

51 1548 195 1591 ἡ,(ῃιειω
225 1535 480 1590 suscipiendo
508 1535 685 1588 alienus,
722 1537 914 1591 pecuniae
932 1536 1108 1576 liberalis
1122 1566 1134 1590 ,
1163 1536 1398 1576 aedificandi
1430 1545 1517 1577 stu-

7 1621 9 1624 *
50 1600 234 1662 (diem,
277 1615 373 1656 erga
402 1602 536 1642 Deum
551 1630 563 1653 ,
607 1601 767 1642 caelites
782 1632 796 1655 ,
834 1597 1058 1643 sacerdotes
1073 1632 1086 1654 ,
1131 1617 1254 1644 avum
1282 1604 1384 1643 mire
1411 1605 1518 1657 pius.

30 1677 60 1720 ἦ
69 1664 215 1717 Insunt
234 1667 278 1707 in
298 1667 362 1708 his
382 1667 497 1708 libris
514 1669 678 1722 insuper
697 1668 776 1708 alia
795 1669 839 1708 in
858 1667 946 1708 aliis
963 1668 1263 1723 praeclarorum
1274 1669 1516 1720 facinorum,

35 1727 38 1732 ¹
68 1739 111 1773 et
129 1732 260 1787 (quod
279 1733 612 1773 dissimulandum
644 1748 727 1774 non
747 1734 825 1787 est)
846 1735 966 1774 etiam
991 1735 1207 1789 insignium
1226 1737 1419 1776 vitiorum
1447 1750 1515 1775 ex·-

69 1798 226 1853 empla:
269 1812 443 1853 quorum
465 1805 512 1838 ut
530 1798 600 1838 illa
627 1799 847 1851 imitanda,
876 1801 932 1839 sic
952 1801 1028 1839 ista
1058 1800 1245 1840 evitanda
1269 1801 1386 1841 nobis
1410 1808 1516 1841 sunt.

69 1865 224 1905 Notum
255 1873 315 1905 est
346 1878 521 1919 namque
549 1863 652 1903 illud
680 1865 885 1904 Romanae
920 1864 1111 1905 historiae
1145 1866 1350 1920 principis.
1416 1866 1514 1908 Hoc

47 1961 54 1975 -.
71 1924 187 1971 illud
209 1939 271 1971 est
288 1931 515 1985 praecipue
544 1929 591 1969 in
611 1930 847 1982 cognitione
873 1943 1015 1970 rerum
1048 1931 1214 1972 salubre
1253 1941 1302 1972 ac
1322 1930 1511 1985 frugife-

68 2009 161 2043 tum
175 2026 193 2045 ,
215 1996 368 2039 omnis
404 2003 444 2036 te
480 1994 667 2048 exempli
698 1994 946 2035 documenta
980 1996 1024 2035 in
1050 1995 1209 2036 illustri
1238 1995 1382 2050 postca
1417 2011 1512 2037 mo-

71 2071 266 2103 numento
290 2060 473 2109 intueri,
503 2058 614 2100 unde
647 2060 725 2101 nbi
734 2088 753 2108 ,
781 2068 955 2115 tuaeque
986 2061 1241 2116 reipublicae
1276 2062 1395 2117 quod
1420 2062 1514 2102 imi-

49 2135 156 2169 μεειτ
187 2128 356 2183 capias.-
393 2125 505 2168 unde
524 2125 706 2180 foedum
729 2126 894 2181 inceptu
905 2155 922 2174 ,
951 2126 1132 2180 foedum
1158 2128 1277 2168 exitu
1307 2128 1426 2183 quod
1447 2129 1512 2169 vi-

35 2228 47 2238 .,
67 2200 141 2235 ωε.
197 2193 331 2234 Habet
355 2193 422 2233 hic
443 2190 539 2245 dux,
567 2192 689 2232 habet
715 2192 829 2232 miles
845 2222 856 2244 ‚
896 2192 1018 2232 habet
1035 2195 1217 2246 privatus
1233 2195 1361 2246 civis,
1389 2195 1512 2235 habet

67 2260 339 2314 magistratus,
366 2258 517 2299 habent
541 2260 660 2311 sacri,
684 2258 834 2297 habent
865 2258 1039 2313 profani,
1070 2259 1220 2300 habent
1246 2262 1408 2311 summi,
1434 2261 1508 2300 ha-

46 2373 48 2378 y
68 2323 165 2364 bent
191 2324 334 2376 infimi,
371 2323 522 2364 habent
549 2325 653 2374 viri,
691 2323 841 2363 habent
867 2323 1054 2364 muheres
1068 2354 1081 2377 ,
1127 2325 1237 2379 quod
1253 2325 1329 2366 'vel
1355 2325 1511 2380 sugiant

68 2389 136 2431 vel
161 2392 393 2444 sequantur.
463 2390 606 2430 Insunt
636 2391 834 2429 orationes
863 2391 1152 2432 creberrimae:
1196 2406 1296 2446 quas
1322 2406 1415 2431 cum
1442 2391 1509 2431 hic

63 2463 208 2496 auctor
234 2457 404 2498 directas
426 2454 543 2497 valde
568 2462 674 2495 amet
701 2457 817 2509 (sunt
844 2456 951 2509 enim
979 2458 1234 2511 speciosiores
1278 2464 1319 2498 et
1347 2459 1507 2512 gravio-

15 2530 21 2534 *
68 2534 133 2561 res
149 2522 162 2575 )
177 2537 250 2562 nos
274 2524 476 2564 interdum
496 2526 704 2566 brevitatis
724 2530 851 2582 gratia
868 2558 880 2581 ,
910 2535 950 2568 et
978 2528 1030 2568 ad
1061 2529 1266 2568 vitandam
1298 2543 1343 2568 ex
1366 2528 1506 2568 simili-

67 2587 207 2628 tudine
235 2591 454 2631 satietatcm
467 2621 481 2646 ,
529 2593 582 2632 ad
606 2593 788 2647 obliquas
802 2623 813 2645 ,
858 2609 970 2635 more
1002 2595 1240 2635 Caesariano
1268 2596 1505 2649 redegimus.

70 2650 155 2694 Nec
179 2667 345 2708 possum
374 2656 425 2697 de
462 2659 549 2700 istis
576 2661 824 2702 orationibus
860 2662 1082 2718 quidquam
1109 2662 1252 2705 melius
1294 2676 1340 2703 ac
1371 2662 1505 2703 verius

163 2735 455 2777 Cantacuzenus,
1220 2741 1243 2777 ὁ

17 539 20 574 5
47 551 59 598 ,ἰ
91 572 156 587 ,μ
169 565 210 602 ²÷·
228 550 273 591 in
290 558 478 603 praesens
505 545 659 601 aliquid
688 545 738 585 de
757 543 992 585 Andronico
1012 543 1190 584 dicemus
1207 573 1219 596 ,
1260 559 1406 599 quem,
1448 546 1519 601 qui
1585 567 1591 570 ·
