1852 3146
328 121 356 158 2
372 121 390 156 1
404 122 434 157 2
849 111 1219 158 CANTAcqum
1235 90 1238 92 ’

126 219 412 263 A.G.1326·9u3v
446 216 576 260 πολλά
604 231 650 258 τε
690 212 763 257 καὶ
796 210 960 267 ἄκοσμα
1000 213 1151 271 διεξῄει
1186 216 1278 256 κατ’
1315 211 1471 266 αὖτοῦ,
1509 209 1590 254 καὶ
1613 213 1756 256 πελεν.

318 290 437 327 ταῖον
457 280 706 338 προσετίθει,
730 277 786 328 ὥς
807 274 884 334 ἤδη
906 277 1012 335 πρὸς
1031 277 1105 334 τὴν
1121 277 1227 334 πρὸς
1247 274 1373 320 αὗτὸν
1388 274 1621 332 ἀπέχθειαν
1634 271 1756 318 dnov-
1781 291 1783 293 ¹

324 347 459 405 ρηκώς
472 380 484 400 ,
521 344 704 400 βούλοιτ’
734 339 785 386 ἂν
815 342 947 386 αὐτὸν
972 341 1215 398 συγκόπτειν
1244 346 1414 393 πολλαῖς
1447 347 1539 392 ταῖς
1567 344 1757 397 πληγαῖς,

197 426 231 460 Ρ.
245 409 398 459 13ικᾶν
422 412 495 469 δὲῃ
529 409 598 453 διὰ
617 412 741 453 τοῦτο
771 413 844 452 καί
868 408 1160 464 ἀποθνήσκειν·
1187 410 1253 449 δι’
1282 406 1307 449 ὃ
1336 407 1409 450 καί
1427 404 1600 461 ἀμύνειν
1626 404 1756 463 αὐτῷ,

322 477 420 521 εἴτι
448 475 552 530 μετοὶ
583 478 717 518 ταῦτα
749 473 820 517 διὰ
843 473 890 517 τὸ
916 472 1110 529 τόλμημα
1138 474 1249 516 ἐπίοι
1277 471 1425 528 δεινὸν,
1453 474 1603 516 ἐδεῖτο.
1619 467 1783 533 ,οἴειού-5

321 560 398 593 σας
433 544 479 585 δὲ
511 540 533 583 ὅ
564 538 781 595 βασιλεῦς,
830 537 967 594 λόγοις
1001 554 1046 581 τε
1073 542 1240 588 πολλοῖς
1271 540 1346 580 καί
1371 538 1644 595 παραινέσεσι
1681 533 1757 578 τὸν

321 604 695 663 πρωτοβεστιὰριον
731 602 906 659 ἀπάγειν
939 606 1012 646 τοῦ
1047 602 1311 659 τολμήματος
1347 602 1580 659 ἐπεχείρει·
1617 600 1676 652 ὥς
1710 601 1759 655 δὲ

322 672 398 714 οὐκ
427 670 593 724 ἔπειθε,
628 668 700 711 καί
733 669 955 725 διαθήσειν
987 669 1183 725 ἠπείλησε
1220 665 1273 710 τοὶ
1302 666 1606 722 χαλεπώτατα,
1633 668 1674 710 εἰ
1699 663 1759 722 μὴ

321 737 520 779 παύσοιτο
543 735 743 785 τοιούτοις
770 736 1008 791 ἐπιχειρῶν.
1057 733 1138 791 ἔφη
1165 731 1270 789 γὰρ,
1316 735 1357 775 εἰ
1379 734 1459 787 μὲν
1492 731 1592 790 πρὶν
1625 733 1759 787 μηδὲν

321 800 424 858 πρὸς
457 797 584 842 αὐτὸν
607 801 797 842 τοιοῦτον
825 800 953 841 εἰπεῖν
976 814 1016 841 τι
1041 799 1252 854 εἰργάζετο
1281 798 1363 840 τῶν
1400 796 1588 850 ardum,
1625 793 1811 839 δεινὸνιο

321 868 400 920 μὲν
424 861 475 908 ἂν
499 860 571 921 ἦν,
612 861 734 907 οῦδὲν
760 865 806 907 δὲ
833 865 950 922 αὐτῷ’
971 866 1199 919 διαφέρειν·
1241 861 1383 918 ἐπειδὴ
1419 865 1466 906 δὲ
1492 859 1761 920 αὖτῷφανε-

323 929 403 985 ραν
437 928 660 984 κατέστησε
691 927 769 984 τὴν
797 928 985 984 γνώμην,
1021 927 1228 971 ἀδύνατον
1262 930 1322 978 εἰς
1347 927 1468 983 ἔργον
1497 925 1572 983 τὴν
1599 926 1759 984 βουλὴν

290 1000 584 1051 Βπροαγαγεΐν.
610 993 684 1048 τὴν
702 992 781 1049 γὰρ
810 995 869 1043 εἰς
889 993 963 1036 τὸν
979 995 1112 1048 μέγαν
1136 992 1358 1048 λογοθ·έτην
1379 994 1625 1049 παροινίαν,
1653 992 1762 1034 διου-

319 1059 446 1115 κητὴν
474 1061 556 1101 τῶν
583 1060 788 1113 βασιλέως
823 1053 920 1101 {ivm
944 1057 1223 1115 πραγμάτων,
1271 1060 1332 1109 εἰς
1359 1060 1514 1101 ἐκεῖνον
1541 1051 1657 1113 ἄγειν
1684 1055 1761 1114 τὴν

318 1122 472 1181 ὕβριν,
509 1122 538 1167 ἃ
560 1123 618 1180 μὴ
644 1125 738 1167 δέον
760 1123 888 1167 αὐτὸν
923 1130 1167 1180 συγχωρεῖν.
1208 1125 1371 1174 τούτοις
1389 1125 1469 1179 μὲν
1494 1120 1574 1166 οὖν
1596 1122 1620 1166 ὅ
1643 1124 1814 1180 πρω-ι5

320 1189 602 1246 τοβεστιάριος
624 1191 813 1231 ἐπείθετο
842 1188 996 1242 δείσας,
1027 1189 1100 1231 καί
1125 1186 1324 1244 ἀπέσχετο
1350 1192 1429 1232 τοῦ
1443 1187 1515 1233 τὸν
1535 1189 1668 1245 μέγαν
1689 1193 1763 1232 λο-

321 1256 498 1310 γοθέτην
533 1251 587 1296 τὰ
623 1253 823 1308 αἴσχιστα
855 1255 1077 1297 διαθεῖναι.
1121 1254 1280 1310 ὀλίγαις
1311 1257 1359 1298 δὲ
1381 1250 1560 1312 ὕστερον
1585 1252 1763 1311 ἡμέραις

325 1319 523 1374 βασιλεύς
560 1318 584 1361 ὅ
631 1320 935 1376 πρεσβύτερος,
977 1318 1051 1362 εἴτ’
1086 1322 1132 1362 ἐκ
1161 1322 1358 1376 διαβολῆς
1387 1320 1469 1364 εἴτε
1503 1321 1577 1363 καὶ
1611 1315 1763 1373 ἄλλως,

326 1388 517 1429 τυσοῦτον
540 1383 761 1440 ἕξοόργιστο
786 1383 893 1426 κατὰ
912 1385 1316 1442 πρωτοβεστιαρίου,
1359 1385 1418 1436 ὥς
1436 1387 1509 1428 καί
1532 1382 1668 1443 εἶρξαι
1686 1389 1763 1428 θε-

324 1454 462 1508 λῆσαι.
503 1452 676 1504 πέμψας
696 1451 915 1506 τοιγαροῦν
944 1448 1047 1506 πρὸς
1076 1453 1254 1505 βασιλέα
1294 1448 1366 1494 τὸν
1398 1450 1495 1494 νέον
1518 1449 1593 1494 τὸν
1625 1450 1817 1506 μέγαναο

325 1516 572 1571 λογοθὲτην,
617 1509 725 1556 ἄλλα
756 1529 802 1556 τε
842 1512 976 1556 πολλοὶ
1010 1517 1087 1557 τοῦ
1115 1515 1494 1572 πρωτοβεστιαρίου
1530 1514 1764 1572 κατηγόρει,

326 1582 398 1622 καί
422 1577 489 1621 ὅτι
520 1577 839 1635 λοιδορούμενος
864 1577 991 1622 αὐτὸν
1014 1579 1064 1621 οὗ
1091 1578 1269 1622 παύεται
1294 1582 1368 1623 καί
1386 1579 1624 1637 διασύρων,
1651 1583 1708 1623 δι’
1734 1578 1766 1623 ἃ

287 1645 378 1702 (1δὴ
416 1648 490 1688 καί
524 1646 635 1698 μόνα
675 1646 835 1693 δίκαιος
869 1642 978 1687 εἶναι
1016 1643 1091 1700 τὴν
1119 1644 1301 1702 ἐσχάτην
1340 1647 1491 1689 δοῦναι
1530 1645 1660 1703 δίκην·
1713 1645 1765 1690 οὗ

325 1712 462 1753 ταῦτα
488 1711 534 1752 δὲ
559 1707 701 1764 μόνον,
742 1709 834 1752 ἀλλ’
863 1706 930 1751 ὅτι
962 1711 1035 1752 καὶ
1062 1706 1320 1753 ἀποστασίαν
1350 1707 1424 1752 ἄπ’
1449 1711 1592 1754 adrazar
1619 1713 1767 1756 ἒννοεΐ.

328 1844 495 1878 magnum
518 1831 738 1878 logothetam
761 1842 889 1866 exosus
905 1857 915 1874 ,
949 1832 1046 1879 apud
1069 1832 1322 1878 imperatorem
1345 1833 1526 1869 iuniorem
1554 1837 1668 1871 multa
1698 1836 1766 1871 ad-

327 1891 449 1914 versus
481 1880 585 1912 illum
612 1879 797 1912 confusius
824 1879 953 1913 effudit
994 1891 1075 1913 cum
1111 1879 1180 1913 hac
1203 1881 1384 1923 clausula,
1417 1892 1455 1915 se
1478 1882 1551 1915 iam
1575 1883 1654 1917 eius
1678 1883 1765 1917 odio

329 1926 484 1966 fessum,
519 1926 612 1959 velle
636 1924 821 1958 hominem
845 1926 960 1971 plagis
996 1926 1120 1959 multis
1156 1927 1369 1969 concidere,
1401 1928 1543 1962 etiamsi
1574 1934 1767 1975 propterea

332 1972 403 2005 sibi
427 1972 652 2005 moriendum
678 1971 733 2005 sit.
782 1971 903 2016 Quare
930 1983 1012 2005 eum
1037 1973 1208 2018 rogabat,
1242 1979 1284 2007 ut
1315 1974 1346 2006 si
1371 1979 1521 2019 propter
1550 1980 1622 2008 tam
1648 1975 1767 2010 audax

332 2019 470 2051 facinus
499 2019 685 2064 quippiam
711 2019 851 2062 gravius
875 2018 948 2050 sibi
968 2019 1210 2063 impenderet,
1239 2030 1344 2064 opem
1368 2019 1520 2054 afferret.
1566 2022 1768 2067 Imperator

334 2065 442 2109 longo
474 2075 637 2096 sermone
670 2063 893 2096 admonitum
928 2075 948 2097 a
974 2070 1044 2098 tam
1073 2065 1264 2110 praecipiti
1289 2067 1441 2100 consilio
1465 2066 1644 2101 abducere
1668 2069 1769 2102 nite-

334 2110 453 2147 batur.
502 2110 591 2143 Cum
616 2110 723 2143 surdo
748 2110 978 2156 loqueretur,
1005 2111 1322 2145 inclementissime
1346 2112 1450 2145 illum
1475 2125 1513 2146 se
1537 2119 1767 2158 accepturum

331 2157 492 2190 ,minatus
521 2161 586 2197 est,
610 2157 681 2189 nisi
706 2156 771 2189 tali
798 2162 928 2189 conatu
954 2157 1152 2191 desisteret.
1198 2159 1245 2192 Et
1270 2157 1445 2192 addebat:
1469 2159 1507 2193 Si
1532 2171 1591 2195 me
1614 2162 1766 2194 celasses

339 2207 378 2235 et
412 2203 556 2235 interim
590 2203 743 2235 vetitum
775 2202 915 2248 aliquid
945 2203 984 2236 in
1023 2205 1141 2248 ipsum
1173 2203 1418 2250 designas-ses,
1455 2217 1559 2251 grave
1606 2206 1647 2240 id
1682 2207 1767 2254 qui-

339 2247 419 2280 dem
444 2248 590 2289 fuisset,
616 2259 694 2281 mea
717 2252 837 2281 autem
861 2248 956 2282 nihil
983 2251 1184 2284 retulisset:
1212 2256 1250 2284 at
1272 2251 1345 2284 iam
1371 2251 1455 2296 quia
1479 2258 1637 2286 mentem
1666 2259 1767 2287 tuam

337 2293 426 2326 mihi
451 2295 644 2338 aperuisti,
677 2305 770 2339 quae
793 2295 846 2328 vis
875 2306 984 2340 opere
1017 2296 1188 2341 compleri
1220 2297 1431 2343 neutiquam
1451 2304 1611 2343 possunt.
1659 2298 1770 2344 Quod

339 2341 434 2373 enim
461 2341 499 2373 in
533 2352 696 2385 maguum
733 2340 953 2385 logothetam
993 2343 1216 2386 imperatoris
1252 2343 1310 2376 avi
1341 2344 1512 2378 vicarium
1541 2346 1768 2390 petulantius

339 2387 606 2426 committetur,
634 2386 673 2420 id
698 2386 805 2419 illum
829 2389 1045 2422 contumelia
1069 2389 1192 2430 afficit,
1216 2389 1315 2434 quod
1339 2389 1486 2436 quidem
1510 2391 1602 2425 mihi
1616 2392 1767 2436 patiun-

341 2431 426 2464 ‹lum
449 2444 522 2465 non
548 2438 612 2469 est,
658 2432 722 2464 His
745 2439 941 2467 commotus
962 2435 1276 2478 protovestiarius,
1299 2435 1424 2470 timuit
1455 2441 1492 2470 et
1524 2438 1564 2471 in
1597 2449 1766 2483 magnum

343 2477 562 2523 logothetam
586 2479 790 2523 exemplum
813 2482 1006 2524 pessimum
1030 2482 1150 2515 moliri
1173 2482 1331 2516 cessavit.
1391 2483 1513 2517 Paucis
1546 2483 1676 2518 diebus
1706 2485 1768 2519 in-

344 2525 540 2566 termissis,
565 2525 684 2558 senior
708 2525 905 2569 imperator
927 2538 972 2559 an
996 2528 1198 2569 calumnia,
1234 2539 1280 2561 an
1304 2529 1377 2562 alia
1399 2530 1539 2563 ratione
1574 2529 1772 2572 inductus,

343 2571 449 2604 sicin
463 2572 776 2615 protovestiarium
794 2573 937 2613 exarsit,
962 2578 1004 2606 ut
1027 2585 1108 2606 eum
1120 2574 1159 2606 in
1185 2585 1360 2608 carcerem
1386 2576 1613 2621 compingere
1635 2577 1772 2622 cogita-

342 2622 408 2650 ret.
454 2617 570 2651 Mittit
593 2617 702 2662 igitur
724 2628 891 2662 magnum
915 2618 1135 2664 logothetam
1157 2619 1203 2652 ad
1221 2627 1404 2665 nepotem,
1427 2628 1466 2656 et
1486 2621 1671 2657 hominem
1688 2634 1770 2656 cum

341 2662 388 2696 de
418 2663 500 2696 aliis
524 2663 734 2697 criminibus
757 2663 879 2697 multis
906 2671 1068 2707 accusat,
1105 2671 1182 2700 tum
1207 2667 1306 2712 quod
1338 2668 1410 2702 sibi
1438 2668 1616 2703 maledica
1644 2669 1771 2714 lingua

341 2709 540 2745 obtrectare
565 2722 639 2745 non
664 2709 822 2745 desinat:
849 2710 896 2745 ob
922 2722 1014 2757 quae
1039 2712 1115 2747 sola
1147 2717 1344 2749 extremum
1379 2715 1597 2762 supplicium
1628 2725 1766 2751 merea-
