1832 3138
592 154 976 200 ms‘romARUM
1015 159 1049 200 1.
1077 159 1146 206 37.
1480 159 1500 195 ¹
1515 157 1589 216 79

128 253 299 299 σόσατο
317 253 567 310 Ῥωμαιοις.
592 255 617 298 ὃ
639 257 688 300 δὲ
713 256 885 313 Ἰβιένης
898 255 988 312 ἅμα
1010 260 1065 318 ἕῳ
1096 257 1174 316 τήν
1207 255 1366 303 ἅλωσιν
1406 260 1483 317 τῆς
1513 257 1681 303 uzi-AC.
1700 266 1787 301 ¹322

128 319 235 372 λεως
252 320 490 383 πυθόμενος
515 323 590 364 καί
616 320 656 365 οἱ
685 316 826 376 ἄλλοι,
855 321 1132 380 ἀνεχώρησαν
1155 325 1222 368 ἐπ’
1242 323 1385 369 οἴκου.
1411 324 1519 380 μετὰ
1546 327 1594 369 δὲ

130 386 254 429 τοῦτο
271 381 504 443 Μιχαῆλό
523 388 607 430 τῶν
627 389 798 430 Μυσῶν
817 386 1016 443 βασιλεὺς
1039 390 1095 448 τῷ
1114 388 1302 449 Βοησίλα
1329 392 1402 446 τῆς
1434 407 1480 433 τε
1503 392 1596 434 116-

129 462 248 506 ψεως
267 453 341 495 καί
357 447 510 509 ἑτέρων
529 452 737 510 τεττάρων
763 453 992 510 κρατοῦντι
1019 454 1238 511 φρουρίων
1272 457 1457 499 ἐπέκειτο
1487 471 1596 514 σφο-

103 510 259 574 ὄδρῶς,
281 519 356 560 καί
372 517 607 575 ἐπολιόρκει
626 520 803 572 πέμπων
822 517 1037 575 στρατιάν.
1061 520 1191 577 μέχρι
1212 522 1293 574 μὲν
1313 515 1385 564 οὖν
1399 522 1598 565 ἐνιαυτοῦ

131 583 208 626 καὶ
232 583 467 640 περαιτέρω
499 584 524 626 o‘
544 583 759 640 Βοησίλας
794 581 902 640 πρὸς
932 581 1005 626 τὸν
1037 583 1221 639 πόλεμον
1255 586 1447 642 οἷντεῖχεν
1473 589 1600 646 ἰσχυ-

130 649 232 706 ρός,
258 650 334 692 καί
346 650 436 710 ,τοῦ
453 650 665 705 βασιλέως
691 645 947 705 βοηθοῦντος
982 649 1057 692 καί
1079 650 1273 707 χρήμασι
1295 652 1367 695 καί
1390 654 1502 712 ἵππῳ
1528 652 1604 696 καί

131 715 239 773 πεζῇ
261 716 454 774 στρατιᾷ.
482 714 590 771 μετὰ
621 716 670 758 δὲ
689 717 815 758 τοῦτο
841 713 914 757 διὰ
940 713 1020 765 τὰς
1035 723 1228 771 συνεχεῖς
1246 717 1430 775 ἐφόδους
1455 717 1528 761 καὶ
1547 718 1593 762 τὸ
1610 731 1637 764 Β

132 777 403 835 πανταχόθεν
433 777 755 824 ἀποκεκλεῖσθαι
776 778 855 832 τὰς
876 779 983 836 πρὸς
1001 779 1047 824 τὸ
1078 781 1152 839 ζῇν
1174 781 1373 839 ἀφορμὰς
1398 781 1498 833 τούς
1526 785 1601 826 ὕπ’
1649 834 1654 840 ν

81 841 263 890 roonis-<ir
287 844 397 902 ὃρῶν
421 846 480 904 τῷ
506 844 693 901 ΖΠιχαὴλ
712 851 806 896 ταῖς
833 845 1022 901 γνώμαις
1048 849 1432 903 προστιθεμένους,
1469 864 1602 891 κατα-

129 909 266 955 λιπών
286 909 440 963 αὐτοῦς
451 945 466 966 ,
501 907 676 969 ἄφίκετο
697 909 799 969 πρὸς
814 913 1018 967 βασιλέα.
1056 910 1096 955 οἱ
1114 913 1161 955 δὲ
1178 909 1356 964 ἑαυτούς
1377 930 1423 956 τε
1442 914 1517 958 καὶ
1547 915 1600 958 τὰ

133 975 323 1035 φρούρια
355 977 595 1034 παρέδοσαν
638 976 846 1033 Μιχαήλ.
893 977 1003 1032 μετὰ
1039 978 1088 1020 δὲ
1107 974 1155 1020 τὸ
1184 976 1340 1035 ταύτην
1375 986 1602 1036 κατασχεῖν

131 1043 397 1101 πανστρατιᾷ
421 1044 638 1098 εἰσέβαλεν
656 1044 701 1093 ἐς
720 1041 796 1099 τὴν
815 1040 1048 1097 Ῥωμαίων
1061 1077 1074 1097 ,
1097 1046 1172 1087 καί
1187 1043 1240 1087 τοὶ
1264 1041 1496 1103 ἀνωτερικὰ
1524 1048 1604 1100 μέ-

133 1125 188 1167 ρη
208 1111 283 1166 τῆς
314 1109 485 1167 Θρᾴκης
506 1109 702 1166 ἐληΐσατο
726 1107 866 1151 πάντα
898 1105 1002 1167 ἄχρι
1021 1110 1172 1167 Βήρας
1194 1110 1388 1172 ἐπελθών
1423 1113 1468 1154 ἐν
1496 1112 1604 1169 ἦμέ-

81 1178 232 1235 ῐόραις
253 1175 441 1231 μάλιστα
471 1175 746 1218 δυοκαίδεκα.
801 1173 1005 1233 ἐκράτησε
1031 1177 1079 1219 δὲ
1110 1177 1226 1226 λείας
1256 1174 1306 1219 οὗ
1346 1181 1502 1235 πολλῆς
1530 1178 1602 1222 διὰ

130 1239 182 1285 τό
206 1239 306 1292 τούς
339 1237 552 1298 γεωργοὺς
577 1242 625 1283 ἐκ
647 1239 845 1297 προνοίας
866 1246 954 1292 τοῖς
987 1241 1211 1299 φρουρίοις
1228 1244 1302 1285 καί
1319 1249 1412 1294 ταῖς
1434 1242 1604 1287 πόλεσιν

132 1307 556 1364 ἒγκατακλεισθῆναι.
591 1304 793 1361 βασιλεῦς
815 1308 861 1349 δὲ
894 1305 916 1348 ὅ
939 1306 1031 1356 νέος
1049 1308 1096 1350 ἒν
1116 1309 1413 1367 Διδυμοτείχῳ
1437 1310 1604 1367 διατριῑ·

135 1375 241 1429 βων,
258 1367 337 1415 οὔκ
355 1370 634 1428 α’πεπεξῆλθε
648 1375 824 1422 Μυσοῖς
845 1370 919 1414 διὰ
941 1370 988 1414 τὸ
1007 1371 1068 1429 μὴ
1092 1371 1298 1429 στρατιὰν
1318 1371 1606 1432 ἠθροισμένην

134 1435 372 1492 ἀξιόμαχον
389 1435 515 1492 ἔχειν.
534 1437 647 1496 λύπῃ
667 1438 714 1479 δὲ
732 1439 944 1492 συνείχετο
958 1440 1127 1495 χαλεπῇ
1147 1437 1218 1481 διὰ
1239 1439 1285 1481 τό
1307 1438 1368 1495 μή
1391 1440 1640 1487 δύνασθαιο

80 1501 386 1559 αοᾶμόνασθαι
404 1501 505 1554 τούς
531 1504 783 1558 πολεμίους.
813 1505 1044 1561 σφαδάζων
1070 1506 1117 1547 δὲ
1149 1506 1223 1548 καί
1248 1506 1516 1560 ἐκκαιόμενος
1542 1510 1603 1566 τῷ

133 1571 277 1627 θυμῷ,
303 1569 517 1614 ἐπανιόντι
538 1570 690 1627 μηνύει
708 1571 766 1629 τῷ
787 1568 986 1627 Μιχαὴλ,
1005 1568 1064 1620 ὥς
1079 1570 1162 1624 „mi
1188 1573 1270 1625 μὲν
1292 1572 1339 1614 ἐκ
1358 1588 1603 1629 παρασκευ-

64 1636 115 1675 *a*
133 1636 187 1694 ἧς
202 1635 281 1692 τήν
297 1635 383 1678 ὖπό
408 1651 457 1679 σε
479 1635 689 1693 ἀθροίσας
707 1635 936 1692 στρατιὰν,
965 1637 1178 1691 εἶσέβαλες
1200 1638 1261 1687 εἰς
1290 1636 1366 1693 τήν
1392 1638 1602 1695 ἡμετέραν

134 1700 211 1746 καὶ
226 1700 440 1751 ἐκάκωσας
462 1697 560 1744 ὅσον
582 1702 706 1757 ἐξῆν.
734 1702 832 1755 ἐμοὶ
853 1702 899 1744 δὲ
924 1699 970 1744 τὸ
996 1704 1072 1744 νῦν
1095 1701 1194 1756 ἔχον
1219 1702 1439 1753 ἀδυνάτως
1463 1702 1603 1757 ἔχοντι

135 1769 186 1812 ἐκ
197 1765 473 1824 παρατάξεως
486 1765 839 1822 διαγωνίσασθαι,
858 1763 998 1822 ἥδιστ’
1020 1763 1074 1809 ἂν
1089 1764 1205 1826 μόνῳ
1225 1768 1385 1822 γένοιτο
1406 1768 1602 1823 διαγωνί-

82 1834 302 1882 αόσασθαι
333 1829 441 1889 πρός
462 1829 629 1887 μόνον.”
670 1827 803 1881 αὖτός
828 1833 876 1874 δὲ
897 1827 1146 1889 ἀπεκρίνατο
1167 1831 1276 1889 μήτε
1297 1834 1527 1891 ἐγκέφαλον
1548 1830 1600 1877 ἂν

137 1945 216 1981 suis
235 1943 386 1981 domum
408 1941 608 1990 repedavit.
642 1941 774 1978 Postea
793 1941 952 1978 Michael
972 1943 1175 1986 Boiisilam‚
1202 1943 1339 1990 Copsin
1357 1948 1395 1979 et
1414 1945 1487 1979 alia
1506 1957 1598 1992 qua-

136 1997 223 2028 tuor
245 1991 423 2038 oppidula
443 1990 715 2037 possidentem,
752 1990 987 2026 vehementer
1008 1992 1103 2025 ursit
1133 1991 1242 2025 misso
1272 2003 1318 2025 ue
1339 1993 1460 2026 milite
1489 1993 1598 2027 obse*

137 2038 208 2081 dit,
231 2039 296 2086 qui
309 2039 392 2085 plus
411 2049 549 2072 annum
563 2062 574 2080 ,
598 2038 817 2082 imperatore
836 2043 875 2072 ct
890 2037 1050 2084 pecunia
1073 2043 1111 2072 et
1134 2004 1324 2084 equitiims
1346 2050 1387 2072 ac
1405 2038 1597 2084 peditibus

137 2086 281 2122 ferente
303 2085 515 2132 suppetias,
548 2085 707 2119 viriliter
733 2085 879 2119 restitit.
928 2084 1092 2119 Tandem
1118 2097 1199 2119 cum
1221 2096 1305 2119 suos
1332 2091 1482 2130 propter
1505 2088 1599 2120 assi-

139 2132 232 2168 duos
248 2132 405 2178 impetus
425 2136 464 2166 et
489 2131 655 2178 undique
682 2132 869 2177 praeclusa
888 2132 986 2166 vitae
1011 2131 1178 2165 subsidia
1207 2132 1246 2164 in
1269 2130 1497 2166 Michaelem
1515 2134 1598 2167 ani⁴

138 2181 209 2215 mis
259 2178 463 2225 rependere
491 2184 678 2219 cerneret,
715 2179 760 2212 iis
788 2178 937 2219 relictis,
966 2177 1012 2212 ad
1034 2178 1289 2223 imperatorem
1308 2178 1485 2224 perfugit:
1518 2186 1597 2214 tum

139 2191 320 2273 oppigula
342 2226 406 2260 illa
423 2237 461 2260 se
482 2226 605 2259 statim
623 2224 795 2259 Michaeli
816 2224 1049 2259 dediderunt.
1099 2225 1183 2270 Qua
1211 2226 1421 2271 regiuncula
1453 2232 1595 2268 auctus,

140 2278 221 2308 toto
244 2284 325 2306 cum
351 2272 513 2306 exercitu
536 2272 576 2307 in
597 2273 823 2317 provinciam
846 2273 1041 2306 Romanam
1066 2271 1238 2306 incubuit
1253 2297 1262 2313 ,
1296 2274 1594 2320 superioremque

142 2319 335 2354 Thraciam
354 2318 401 2353 ad
420 2320 544 2354 Beram
561 2330 677 2364 usque
699 2320 901 2353 universam
918 2318 1048 2353 diebus
1065 2318 1244 2352 duodenis
1260 2318 1504 2364 depopulatus
1518 2326 1593 2354 est:

141 2366 290 2401 tametsi
319 2365 473 2412 praedas
515 2366 566 2399 ita
598 2366 737 2411 opimas
764 2377 840 2399 non
872 2366 964 2411 egit,
998 2363 1098 2412 qu'od
1123 2364 1301 2411 agricolae
1325 2365 1365 2399 id
1390 2368 1594 2411 praesenti-

141 2418 245 2448 entes
261 2438 271 2455 ,
294 2413 334 2446 in
351 2413 460 2446 urbes
479 2417 517 2447 et
537 2413 685 2447 castella
707 2424 745 2446 se
776 2417 1000 2458 receperant.
1047 2413 1246 2458 Imperator
1272 2412 1524 2456 Didymotichi
1555 2424 1598 2447 se

140 2465 284 2500 tenens,
309 2465 458 2505 propter
476 2471 518 2493 co
546 2459 599 2492 ias
615 2471 689 2492 non
709 2460 931 2493 sufficientes
958 2459 1057 2493 exire
1081 2464 1207 2493 contra
1225 2459 1370 2492 Moesos
1392 2471 1465 2493 non
1482 2460 1595 2493 aude·-

141 2506 228 2541 bat:
253 2505 456 2553 dolensque
476 2517 520 2540 ve
549 2506 728 2551 ementius
742 2531 751 2547 ,
777 2505 878 2553 quod
898 2505 1065 2540 hostibus
1082 2506 1181 2551 paria
1209 2516 1386 2550 reponere
1411 2517 1486 2540 non
1507 2519 1595 2551 pos-—

142 2558 200 2588 set
214 2578 224 2595 ,
249 2558 288 2587 et
303 2552 399 2599 pede
422 2558 554 2588 terram
579 2553 715 2587 seriens
749 2557 859 2599 atque
891 2553 946 2587 ira
964 2564 1173 2593 succensus,
1196 2551 1369 2586 Michaeli
1397 2553 1594 2587 revertenti

141 2599 343 2646 significat,
375 2599 495 2645 ipsum
513 2599 674 2646 quidem,
698 2599 823 2633 dedita
849 2610 959 2645 opera
984 2601 1116 2634 coactis
1146 2600 1275 2644 copiis,
1295 2600 1335 2632 in
1351 2599 1594 2634 Romanorum

142 2647 367 2693 provinciam
395 2647 588 2692 irrupisse,
626 2648 735 2692 eique
765 2646 1054 2682 incommodasse
1091 2651 1267 2693 quantum
1297 2647 1480 2691 potuerit:
1521 2646 1594 2680 sibi

142 2703 229 2728 vero
246 2693 510 2738 periucundum
530 2693 631 2734 fore,
665 2691 811 2739 quando
844 2704 962 2740 aequo
984 2704 1108 2738 campo
1137 2692 1286 2726 adversa
1310 2693 1388 2726 acie
1420 2699 1594 2738 nequeat,

125 2739 323 2786 ⁸singulari
348 2741 546 2775 certamine
568 2750 650 2774 cum
677 2751 721 2774 eo
741 2738 960 2786 depugnare.
1008 2739 1210 2786 Respondit
1237 2738 1405 2782 Moesus,
1444 2740 1592 2774 cerebro
