1760 3152
1729 148 1760 183 ⁸..

1706 294 1760 364 iz

1709 365 1760 413 '³52³'

633 468 972 510 IAcossz
1021 469 1454 513 PONTANI
1593 442 1596 448 ’
1712 440 1760 536 ζ

319 547 659 614 dignitatum
690 564 755 595 ac
769 547 1132 613 functionum
1159 549 1366 613 palatii
1386 561 1442 600 et
1471 551 1749 626 66σὶθείαρ

386 634 966 699 Constantinopolitanae,
1002 651 1207 702 quarum
1237 635 1501 686 historicus
1522 636 1688 688 noster

438 712 679 765 meminit,
713 725 782 757 ex
820 709 1115 775 Curopalata
1147 722 1193 759 et
1226 713 1332 759 eius
1356 698 1622 765 scholiasta

707 788 1013 853 potissimum
1044 787 1345 854 explanatio.

1724 686 1739 715 ρ

313 917 573 989 Δεσπότης,
602 936 821 977 Dominus.
879 935 988 975 Haec
1009 935 1221 990 appellatio
1241 937 1479 991 imperator,
1517 938 1609 980 filiis
1637 910 1760 997 eines}

314 991 504 1030 fratribus
531 998 571 1030 et
603 993 757 1044 generis
776 990 1027 1029 tribuebatur
1044 994 1276 1044 generatim.
1318 992 1489 1046 Proprie
1507 993 1560 1033 ab
1578 995 1760 1048 imperasss·

311 1047 415 1084 toria
443 1047 646 1085 maiestate
673 1045 868 1086 secundus
893 1047 948 1084 sic
976 1046 1180 1085 dicebatur
1194 1076 1206 1098 ,
1235 1060 1354 1099 quem
1371 1050 1609 1100 recentiores
1627 1051 1760 1093 etiam·

309 1095 511 1151 σεβαστόν
536 1108 745 1140 vocarunt.
803 1100 890 1138 Hoc
919 1103 1026 1139 enim
1046 1100 1168 1139 semel
1193 1109 1334 1140 notare
1351 1103 1553 1154 convenit,
1579 1105 1757 1157 impera-¹

307 1161 414 1193 tores
433 1153 522 1193 illos
541 1155 718 1195 Orientis
736 1154 882 1194 multos
899 1155 1034 1194 titulos
1053 1155 1288 1195 honorarios
1303 1156 1355 1195 ad
1368 1170 1461 1196 suos
1477 1157 1553 1196 sibi
1575 1157 1754 1210 devinci-4,

310 1208 432 1248 endos
451 1212 703 1262 excogitasse.
735 1210 782 1248 In
804 1208 942 1247 Galliis
962 1209 1058 1248 olim
1078 1212 1280 1262 proximus
1298 1225 1322 1249 a
1341 1224 1434 1264 rege
1452 1213 1582 1251 maior
1599 1212 1751 1263 domu&

306 1263 604 1314 nominabatur.
661 1265 906 1303 Graecorum
925 1265 1211 1317 imperatorum
1231 1265 1409 1318 exemplo
1426 1279 1477 1318 ¹se
1492 1279 1652 1320 quoque
1669 1264 1745 1307 tle-⁹

274 1319 278 1328 '
308 1326 442 1371 spotas
471 1320 593 1357 vicini
630 1320 829 1372 principes
861 1318 938 1356 dici
966 1318 1180 1358 voluerunt
1193 1349 1204 1370 ,
1232 1321 1466 1372 praesertim
1505 1320 1665 1375 Bulgari
1684 1349 1690 1355 »
1705 1317 1750 1363 εξ

283 1407 285 1409 .
304 1373 451 1412 Servii.
483 1373 564 1423 Qui
583 1373 782 1413 interdum
802 1374 844 1411 in
865 1374 1108 1412 Graecorum
1126 1373 1301 1414 historiis
1319 1375 1428 1428 regio
1447 1388 1608 1428 quoque
1625 1375 1753 1419 titulo]

309 1434 535 1476 censentur,
554 1441 646 1466 cum
664 1442 738 1482 pro
759 1427 931 1481 despotis
941 1427 1076 1467 Crales
1093 1435 1132 1467 et
1148 1442 1288 1468 uxores
1298 1443 1372 1482 pro
1392 1429 1599 1483 despoenis
1611 1429 1760 1486 Graio-42

306 1494 382 1520 nae
394 1481 659 1534 appellantur3
687 1482 763 1521 hoc
781 1483 928 1536 quippe
939 1489 1052 1522 sonat
1070 1496 1216 1522 nomen
1231 1483 1463 1522 barbarum.
1485 1484 1549 1523 Sic
1569 1484 1745 1526 acaum-2

305 1550 454 1575 cuzeno
474 1536 724 1576 Acarnaniae
751 1543 790 1576 et
817 1536 998 1576 Aetoliae
1014 1539 1213 1591 principes
1230 1538 1418 1591 despotae
1435 1537 1638 1578 dicuntur.
1666 1540 1753 1579 Vew

304 1604 397 1629 rum
416 1598 550 1630 noster
571 1591 782 1630 historicus
803 1591 1110 1630 Constantinum
1128 1592 1351 1632 Andronici
1379 1592 1506 1631 filium
1533 1593 1742 1647 despotam

302 1653 491 1685 vocatum
511 1645 663 1696 scribit,
685 1648 755 1699 qui
772 1653 863 1698 post
881 1646 1116 1685 Michaelem
1134 1647 1296 1685 fratrem
1315 1647 1486 1700 genitus,
1506 1661 1580 1699 per
1597 1653 1741 1688 cuncta

302 1700 496 1739 secundas
514 1700 726 1739 obtineret.
757 1700 954 1739 Infantem
969 1708 1114 1740 vocant
1125 1701 1308 1755 Hispani.
1338 1701 1602 1741 Observanda
1615 1703 1738 1756 igitur

302 1753 380 1793 alia
397 1756 523 1794 notio.
579 1755 832 1794 Monebimus
849 1755 892 1792 in
912 1754 1106 1794 Annotat.

385 1805 788 1860 Παρακοιμώμενος,
811 1808 978 1847 subaudi
994 1808 1070 1848 τοῦ
1084 1808 1294 1860 κοιτῶνος,
1315 1808 1501 1860 cubiculi,
1513 1807 1737 1852 accubitor
1752 1813 1758 1822 '⁸

299 1863 479 1903 cubiculi
498 1862 550 1901 ad
578 1863 762 1915 verbum,
783 1862 826 1901 id
846 1870 904 1901 est
924 1864 1025 1902 sacri
1044 1863 1216 1902 cubiculi
1256 1877 1326 1903 seu
1363 1863 1616 1903 excubiarum
1634 1865 1760 1906 sacri-2

299 1917 473 1956 cubiculi
499 1917 721 1970 praefectus
736 1946 747 1967 ,
787 1918 957 1970 principi
986 1931 1055 1956 seu
1094 1919 1324 1971 imperatori
1360 1933 1384 1958 a
1413 1917 1605 1958 cubiculis
1619 1947 1631 1970 ,
1660 1926 1734 1960 aut

298 1971 521 2024 praefectus
550 1972 822 2010 excubitorum
869 1979 908 2010 et
927 1971 1137 2011 custodum
1155 1974 1256 2011 sacri
1276 1971 1464 2012 cubiculi.
1521 1972 1653 2026 Caput
1672 1981 1760 2014 est„

297 2039 531 2079 puerorum,
552 2027 621 2078 qui
641 2027 683 2064 in
705 2033 868 2065 coetone
887 2033 994 2074 sunt,
1017 2033 1056 2065 et
1074 2027 1424 2078 cubiculariorum,
1442 2026 1593 2066 habens
1613 2029 1733 2068 etiam

297 2080 374 2119 sibi
394 2080 597 2119 subditum
618 2081 912 2132 procubitorem
934 2082 1036 2119 sacri
1055 2081 1243 2121 cubiculi.
1274 2082 1336 2121 Ita
1355 2079 1610 2134 Curopalata.
1650 2083 1733 2122 Ma-

298 2148 421 2187 gnum
441 2134 727 2174 cubicularium
746 2134 867 2188 aliqui
886 2142 1044 2174 vocant.
1113 2135 1377 2176 Leunclavius
1396 2136 1596 2175 Pandecte
1613 2134 1734 2176 histo-

297 2191 381 2228 riae
401 2190 436 2228 T
438 2191 594 2228 urcicae
613 2204 681 2228 seu
701 2189 753 2227 ad
767 2188 943 2227 Annales
963 2190 1167 2229 Turcicos:
1191 2185 1553 2243 παρακοιμώμενοι
1572 2197 1663 2229 sunt
1676 2192 1731 2230 in·

297 2245 384 2283 timi
405 2243 655 2292 cubicularii,
685 2245 753 2296 qui
774 2243 1043 2297 augustalibus
1061 2245 1103 2282 in
1125 2245 1316 2284 cubiculis
1336 2252 1374 2284 et
1388 2246 1463 2297 ipsi
1483 2251 1646 2297 propter
1661 2245 1732 2283 im-

294 2306 497 2351 peratores
525 2298 788 2337 dormiebant.
854 2297 953 2336 Tale
981 2312 1086 2337 nunc
1106 2298 1280 2338 officium
1300 2307 1358 2338 est
1377 2299 1483 2351 apud
1503 2299 1728 2338 'rm-carum
1752 2332 1757 2341 ,,

294 2353 506 2392 Sultanum
525 2354 608 2391 eius
628 2352 885 2402 cubicularii,
914 2353 982 2404 qui
1014 2353 1049 2390 T
1051 2353 1193 2391 hiodar
1228 2361 1297 2392 aut
1324 2353 1534 2392 Trohadar
1559 2353 1727 2405 appella·
1741 2351 1760 2370 ”

295 2414 379 2447 tur.
436 2409 476 2447 Is
496 2409 602 2447 enim
623 2414 662 2445 et
679 2409 784 2445 intra
804 2406 957 2444 Sultani
978 2406 1205 2446 cubiculum
1222 2415 1344 2447 noctu
1364 2407 1545 2446 excubias
1576 2409 1656 2460 agit
1687 2415 1728 2447 et
1741 2423 1757 2425 '⁴

292 2461 472 2514 p'uviam
491 2461 643 2500 Sultani
662 2469 812 2501 vestem
832 2468 970 2513 gestat,
989 2468 1035 2500 ut
1048 2459 1359 2511 παρακειζιιενος,
1381 2475 1483 2515 quae
1499 2475 1724 2500 scaraman-

293 2516 404 2569 gium
421 2524 602 2558 vocatur.
660 2516 720 2554 Ac
739 2523 887 2554 norunt
905 2529 1053 2565 omneS,
1082 2518 1150 2568 qui
1182 2517 1347 2554 Portam
1373 2516 1559 2555 viderunt
1586 2516 1726 2555 Osma·
1753 2534 1755 2538 ⁴

292 2574 424 2610 nicam
437 2602 449 2623 ,
483 2586 565 2610 non
583 2571 792 2610 Sultanum
810 2569 928 2608 modo
947 2571 1127 2608 comitari
1147 2570 1433 2609 cubicularium
1448 2599 1460 2620 ,
1489 2571 1557 2622 qui
1584 2583 1722 2609 sereno

294 2640 451 2679 quoque
468 2626 576 2665 caelo
596 2625 910 2678 scaramangium
938 2625 1021 2662 cius
1046 2632 1186 2676 gestat3
1215 2625 1283 2663 sed
1303 2638 1440 2663 omnes
1461 2626 1578 2662 etiam
1598 2626 1722 2676 quoti·

293 2680 357 2719 die
376 2683 514 2721 Bassas
545 2688 584 2721 et
603 2682 752 2735 Begos,
782 2680 1104 2735 quotiescumque
1123 2693 1194 2733 per
1213 2679 1353 2718 urbem
1374 2679 1424 2718 ad
1442 2686 1598 2732 portam
1618 2680 1721 2731 equi-
