1832 3138
313 93 332 128 1
352 94 370 128 1
382 93 416 128 o
851 90 1206 134 CANTACUZEN
1209 94 1225 133 1

110 192 367 247 A‚c‚132.w)
389 189 463 233 τὸν
480 190 658 244 βασιλέα
682 187 756 232 καί
780 189 949 234 πάππον
975 193 1109 242 κακῶς
1135 194 1288 234 παθεῖν
1313 191 1477 235 οἴκοθεν
1499 191 1758 252 ὥρμημένος,

269 255 409 313 Βπρὸς
427 257 507 309 μὲν
524 253 600 311 τήν
622 254 846 311 πρεσβείαν
866 259 1118 313 ποιουμένην
1145 255 1298 313 μηδενὶ
1315 257 1572 315 καταδήλους
1593 261 1758 305 ἐκέλευε

303 327 439 374 ποιεῖν
471 317 573 370 τούς
593 317 721 375 παρὰ.
731 323 939 375 βασιλέως
961 320 1133 378 λόγους,
1164 319 1230 364 ὅτι
1261 319 1320 378 μὴ
1342 323 1459 382 μόνῳ
1493 326 1556 384 τῷ·
1590 324 1756 386 μεγάλῳ

304 388 548 444 δομεστίκῳ,
577 382 706 436 αὖτὸς
734 388 773 429 δ’
795 387 852 438 ὥς
875 384 929 430 ἂν
956 388 1093 445 οἴηται
1115 390 1348 445 συμφέρειν
1372 388 1631 448 οἰκονομήσει
1654 391 1759 442 τούς

302 451 464 507 λόγους.
522 451 744 508 ἐκκλησίαν
772 454 818 495 δὲ
846 455 1046 504 κελεύσας
1072 456 1294 509 γενέσθαι,
1360 455 1434 498 καί
1467 456 1552 498 τῶν
1578 458 1625 500 ἐν
1649 458 1788 501 τέλει5

302 516 469 560 πάντων
508 518 582 560 καὶ
619 520 704 561 τῶν
736 518 922 574 λογάδων
961 522 1037 575 τῆς
1073 521 1275 576 στρατιᾶς
1322 521 1382 569 εἰς
1428 521 1474 563 ἓν
1516 524 1759 578 γενομένων,

301 581 527 640 παρελθών
573 585 634 634 εἰς
669 585 850 640 μέσους,
893 583 1004 638 ἔλεξε
1030 585 1188 628 τοιάδε·
1228 585 1411 640 „mid-{va
1448 586 1571 640 ὑμῶν
1617 586 1759 642 οἴομαι

303 645 470 705 ἆγνοεῖν
497 648 568 703 ὦς,
610 652 817 708 διαφορᾶς
843 651 942 706 ἐμοὶ
965 650 1069 709 πρὸς
1096 651 1168 694 τὸν
1193 654 1372 708 βασιλέα
1399 654 1474 696 καί
1495 652 1667 698 πάππον
1691 671 1762 710 γε-

302 717 548 771 γενημένης,
606 715 740 758 πολλοὶ
781 715 834 759 τά
871 719 951 771 μὲν
979 716 1200 774 ἐπράχθη,
1246 716 1299 760 τὰ
1337 719 1384 760 δὲ
1411 717 1486 761 καὶ
1523 719 1570 763 ἐν
1606 722 1758 779 μελέτῃ

303 781 368 823 ἔτι
405 777 538 837 ἦσαν,
577 782 654 835 ἐμὲ
681 780 788 839 πρὸς
815 781 993 839 ἔσχατον
1021 784 1218 826 κικδύνου
1248 786 1526 828 καθιστῶντα.
1564 787 1621 828 δι’
1649 783 1814 844 ἅπεριο

304 845 434 896 αὐτός
469 862 514 888 τε
563 847 746 903 ἀπέστην
786 844 836 890 οὗ
877 852 1036 904 μᾶλλον
1084 851 1161 891 τοῦ
1196 851 1403 904 βασιλέως
1437 846 1466 906 ἢ
1501 851 1579 894 τοῦ
1615 851 1757 894 κινδύ-

302 929 399 967 νου,
439 911 514 955 καὶ
547 912 670 966 ὑμεῖς
709 915 891 971 πάρεστε
932 913 1214 971 βοηθήσοντες
1253 912 1528 975 ἀδικουμένῳ.
1577 916 1674 962 νυνὶ
1710 919 1758 960 δὲ

262 980 407 1032 ῦέμοί
425 994 468 1020 τε
507 977 710 1035 παρόντος
737 977 762 1021 ὃ
788 981 1035 1037 προύθέμην
1072 983 1116 1032 ἐξ
1145 982 1283 1038 ἀρχῆς
1309 980 1384 1023 καί
1405 981 1523 1036 ὑμῖν,
1550 985 1624 1039 τῆς
1655 987 1758 1041 βοη-

301 1043 424 1093 θείας
452 1042 598 1092 ὁποίας
626 1046 756 1102 ἐχρῆν
781 1048 1062 1102 γεγενημένης,
1093 1041 1143 1088 ἄν
1170 1063 1212 1088 τι
1239 1047 1470 1104 περαιτέρω
1498 1046 1659 1092 τούτων
1687 1051 1759 1106 ζη-

301 1111 451 1163 τῶμεν,
479 1111 576 1163 ἐμοὶ
594 1112 674 1163 μὲν
701 1109 749 1152 τὸ
771 1111 943 1164 ἀδικεῖν,
970 1109 1016 1154 τὸ
1044 1112 1259 1154 ἀδικοῦντι
1284 1114 1330 1154 δὲ
1352 1111 1638 1170 συμπράττειν
1660 1111 1814 1168 ὖμῖνιὸ

302 1170 357 1217 ἂν
383 1174 618 1232 περισταίη·
644 1173 890 1232 προύθέμην
911 1179 957 1220 δὲ
985 1179 1028 1228 ἐξ
1049 1174 1196 1234 ἆρχῆς,
1228 1172 1315 1220 οὔτ’
1339 1180 1385 1221 ἐν
1408 1177 1608 1232 πολεμίου
1630 1182 1762 1240 μοίρᾳ

301 1239 375 1283 τὸν
397 1242 559 1298 πατέρα
589 1242 910 1299 κατασφάττειν,
939 1239 990 1286 ἄν
1017 1259 1094 1300 περ
1124 1245 1208 1301 ἐξῇ,
1238 1238 1333 1285 οὔτε
1359 1241 1438 1298 τήν
1461 1239 1600 1300 ἀρχὴν
1626 1240 1763 1302 ἆφαι-

303 1310 485 1363 ρεῖσθαι,
515 1307 606 1350 ἀλλ’
627 1308 809 1361 ἐμαυτὸν
838 1308 1098 1361 διασώζοντα
1123 1312 1197 1353 τοῦ
1223 1306 1431 1362 κινδύνου,
1457 1311 1591 1365 μηδὲν
1618 1310 1760 1369 ἐκείνῳ

199 1381 287 1428 V.57
300 1373 375 1428 τῆς
402 1369 537 1429 ἀρχῆς
564 1374 684 1415 ἕνεκα
710 1380 995 1430 παρενοχλεῖν.
1052 1374 1100 1417 τὸ
1129 1376 1209 1429 μὲν
1239 1370 1317 1418 οὖν
1343 1372 1418 1417 τὸν
1445 1375 1637 1419 κίνδυνον
1663 1377 1761 1418 δια-

300 1443 451 1494 φυγεῖν
478 1437 579 1489 θεὸς
608 1437 735 1490 αὐτὸς
759 1440 1047 1497 συναράμενος
1074 1444 1285 1498 παρέσχε,
1325 1438 1401 1496 τὴν
1427 1441 1468 1482 δ’
1495 1441 1556 1491 εἰς
1584 1439 1632 1484 τὸ
1662 1438 1815 1498 ἑξῆςαο-

298 1501 535 1560 ἀσφάλειαν
562 1503 638 1547 καὶ
662 1504 828 1561 εἰρήνην
836 1539 850 1559 ,
878 1507 1086 1560 βασιλέως
1114 1507 1430 1563 παρεχομένου,
1468 1505 1757 1561 ἀπεωσάμεθα

299 1568 424 1610 αὐτοὶ
457 1572 613 1619 κακῶς.
661 1573 880 1626 μέμνησθε
913 1571 994 1628 γὰρ
1038 1573 1171 1628 δήπου
1210 1571 1268 1622 ὥς
1303 1573 1350 1614 έν
1389 1571 1623 1627 Ἀδριανοῦ
1658 1572 1759 1623 τους

259 1634 502 1685 Βέλθόντας
530 1635 576 1677 ἐκ
603 1639 811 1690 βασιλέως
839 1639 912 1679 έπί
939 1639 990 1694 τῇ
1018 1636 1160 1695 εἰρήνῃ
1188 1638 1411 1694 πρέσβεις,
1455 1635 1758 1690 στασιάσαντες

389 1728 422 1783 4.
438 1729 566 1763 Malim
591 1729 875 1777 οἰκονομήσειν.
998 1729 1052 1768 13.
1073 1729 1260 1777 παρόντες
1284 1730 1320 1764 Ρ.
1346 1733 1387 1763 et
1427 1734 1512 1775 post
1536 1728 1632 1775 ὑμῖν
1653 1726 1756 1763 nulla

391 1776 652 1821 interpunctio.
1306 1806 1308 1808 ι

295 1859 506 1895 noceretur,
532 1854 652 1900 legato
674 1853 884 1898 praecepit.
912 1863 959 1886 ne
986 1863 1066 1886 cum
1096 1863 1301 1898 quoquam,
1327 1862 1455 1898 magno
1477 1850 1667 1886 dumtaxat
1685 1850 1754 1885 do-

295 1902 445 1935 mestico
468 1907 639 1946 excepto,
671 1900 889 1944 legationem
907 1901 1208 1933 communicaret:
1245 1910 1284 1932 se
1301 1899 1341 1933 in
1360 1909 1403 1932 ea
1417 1897 1576 1932 curanda
1608 1898 1755 1932 utilita-

296 1949 345 1982 tis
370 1948 549 1982 rationem
570 1947 792 1980 habiturum.
842 1946 969 1979 Edicto
994 1946 1105 1991 igitur
1133 1950 1338 1985 conventu,
1374 1945 1522 1991 iamque
1541 1945 1582 1978 in
1607 1950 1752 1978 coetum

298 1995 432 2028 coactis
459 2000 497 2027 et
515 1993 735 2038 primoribus
762 1998 799 2026 et
826 1993 914 2026 flore
943 1993 1142 2033 exercitus,
1177 1992 1216 2024 in
1237 1991 1400 2025 medium
1423 2002 1641 2036 progressus,
1665 1990 1752 2024 tali-

297 2041 366 2075 bus
390 2051 450 2074 eos
477 2040 584 2074 dictis
607 2041 707 2073 affari
729 2051 875 2073 exorsus
906 2044 981 2072 est:
1019 2038 1235 2077 „Neminem
1259 2043 1419 2071 vestrum
1439 2037 1579 2071 nescire
1608 2038 1752 2082 opinor,

299 2099 371 2133 quo
396 2092 514 2130 pacto,
537 2088 632 2120 inter
657 2097 715 2119 me
740 2096 916 2131 avumque
948 2096 1066 2119 meum
1093 2090 1178 2118 nato
1203 2084 1368 2125 dissidio,
1395 2084 1512 2117 multa
1537 2084 1668 2129 partim
1694 2084 1753 2117 fo-

298 2136 348 2167 ris
373 2134 703 2174 committerentur,
738 2132 870 2178 partim
907 2131 1026 2164 adhuc
1054 2133 1174 2165 animo
1202 2131 1344 2165 inclusa
1369 2132 1618 2176 agitarentur,
1659 2142 1752 2177 quae

299 2191 357 2214 me
386 2182 426 2214 in
454 2185 649 2213 extremam
682 2179 865 2212 miseriam
895 2179 1188 2223 praecipitarent.
1239 2177 1421 2224 Quocirca
1448 2189 1524 2211 non
1558 2177 1670 2222 magis
1702 2177 1751 2211 ab

300 2238 385 2268 avo,
423 2237 534 2272 quam
557 2238 577 2259 a
597 2225 849 2272 praesentibus
875 2236 931 2258 me
952 2226 1125 2269 periculis
1149 2225 1311 2268 seiunxi3
1347 2229 1386 2258 et
1410 2235 1473 2258 vos
1501 2224 1725 2258 confluxistis
1740 2249 1750 2264 ‚

299 2279 343 2307 ut
369 2273 580 2307 iniuriosius
605 2277 758 2306 tractato
781 2272 1023 2316 opitulemini.
1071 2272 1181 2305 Modo
1206 2277 1329 2305 autem
1344 2297 1354 2312 ‚
1393 2270 1693 2316 quandoquidem
1713 2275 1752 2303 et

301 2332 366 2365 ego
389 2325 571 2353 assecutus
590 2331 689 2360 sum,
729 2318 828 2364 quod
849 2318 895 2351 ab
921 2319 1028 2351 initio
1050 2319 1246 2358 constitui,
1284 2324 1322 2352 et
1343 2329 1428 2358 vos,
1453 2329 1534 2350 cum
1551 2317 1750 2358 auxilium,

301 2367 400 2413 quali
415 2378 505 2412 opus
529 2372 624 2407 erat,
649 2366 830 2399 tuleritis:
868 2365 898 2397 si
921 2365 1011 2410 quid
1030 2365 1126 2398 ultra
1147 2364 1414 2405 desideramus,
1439 2363 1479 2397 id
1505 2364 1598 2404 erit,
1621 2368 1663 2396 ut
1684 2375 1749 2408 ego

300 2424 475 2457 reponam
500 2413 672 2454 iniurias,
713 2424 775 2446 vos
801 2417 1038 2456 reponentem
1064 2411 1266 2445 adiuvetis.·
1317 2411 1389 2444 Sed
1415 2410 1589 2444 constitui
1616 2408 1702 2442 inde
1729 2421 1750 2442 a

299 2460 481 2505 principio
515 2471 619 2493 avum
653 2470 722 2492 nec
744 2459 818 2492 vita
847 2469 998 2498 exuere,
1035 2458 1180 2491 etiamsi
1201 2459 1348 2498 liceret,
1385 2468 1455 2491 nec
1477 2455 1631 2500 imperio
1655 2457 1749 2489 mul-

301 2512 401 2540 tare:
437 2518 562 2540 verum
595 2510 728 2540 memet
757 2516 966 2539 conservare
999 2505 1144 2550 ipsique
1171 2503 1216 2538 de
1237 2505 1444 2549 principatu
1466 2503 1608 2536 nullum
1634 2513 1748 2547 nego-

300 2553 393 2586 tium
416 2553 599 2587 facessere.
648 2552 849 2586 Periculum
866 2577 875 2592 ,
909 2552 988 2584 Deo
1015 2551 1111 2584 bene
1143 2551 1324 2596 propitio,
1356 2550 1475 2584 evasi:
1515 2549 1747 2583 securitatem

302 2605 423 2633 autem
451 2592 488 2633 et
510 2611 634 2645 pacem
658 2600 697 2632 in
720 2599 905 2638 futurum,
944 2597 990 2631 ab
1024 2599 1241 2643 imperatore
1267 2597 1447 2639 oblatam,
1486 2596 1580 2629 male
1607 2595 1749 2640 repuli-

302 2657 390 2679 mus.
441 2646 591 2680 Tenetis
618 2646 715 2680 enim
746 2646 936 2684 memoria,
973 2643 1155 2690 quomodo.
1176 2643 1413 2689 Adi-lanopoli
1445 2643 1583 2688 legatos
1619 2641 1665 2675 ab
1702 2652 1746 2675 eo

303 2692 349 2728 de
372 2694 637 2740 compositione
659 2693 806 2735 missos,
838 2691 1019 2728 seditione
1037 2691 1240 2735 concitata,
1272 2690 1383 2728 rebus
1406 2689 1655 2737 imperfectis,
1678 2698 1747 2731 ne-
