1852 3146
333 102 443 137 222
482 76 486 80 ’
863 97 1235 142 CANTACUZENI
1282 82 1284 84 ’

139 206 318 252 A.C.1327
330 198 642 255 περιστῆσονται
680 193 917 249 Ῥωμαίους
941 198 988 239 ἐκ
1007 200 1085 240 τοῦ
1110 198 1214 256 πρὸς
1241 200 1446 257 ἀλλήλους
1472 201 1773 247 §marmu-
1814 251 1817 254 Α
1843 201 1852 222 ³

205 275 245 309 v.
263 287 324 309 110
337 282 436 321 μου·
464 264 611 315 δέομαι
639 262 686 303 δέ
713 278 788 303 σου
815 260 874 317 μὴ
902 262 1103 315 τοιούτοις
1129 271 1270 316 κακοῖς
1296 265 1394 316 τους
1419 267 1626 323 ὑπηκόους
1650 273 1770 324 περι-

329 326 526 376 πεσόντας
553 327 778 382 περιϊδεῖν,
807 326 913 368 ιῖλλοὶ
946 331 1098 383 στῆσαι
1125 329 1204 385 τὴν
1231 330 1482 388 συμφορὰν,
1518 335 1690 386 βασιλεῖ
1707 332 1773 390 τῷ

327 391 479 450 ἐγγόνῳ
508 393 792 445 διαλλαγέντα,
823 389 959 446 οὐδὲν,
984 390 1060 436 ὅσα
1088 409 1134 447 γε
1162 395 1238 447 ἐμὲ
1265 397 1438 450 εἰδέναι,Ι
1463 391 1557 439 οὔτε
1585 398 1631 440 ἐν
1657 395 1768 452 προί-

325 473 479 513 γμασιν
500 452 594 497 οὔτε
617 456 661 498 ἐν
682 456 830 511 λόγοις,
853 453 945 499 οὕτε
964 457 1160 515 πρότερον
1183 458 1527 516 προσκεκρουκότι
1557 456 1655 504 οὔτε
1676 464 1792 516 νῦν,5

327 520 473 579 (οἶσθα
504 522 549 562 δὲ
573 522 733 577 σαφῶς,
758 519 815 572 (ὃς
843 523 966 566 οὐδὲν
995 519 1087 566 οὔτε
1116 526 1338 581 φθέγγεται
1366 521 1461 581 οὔτε
1486 527 1682 583 πράττει,
1706 526 1767 584 μὴ

292 586 566 636 Οσυνειδότος
591 587 729 645 ἐμοῦ·)
755 587 813 644 μὴ
837 586 886 644 δὴ
912 587 988 637 τὰς
1005 585 1289 645 συκοφαντίας
1312 589 1393 632 τῶν
1409 587 1645 650 ἐπ’ὄλέθρῳ
1667 592 1767 647 ἡδο-

325 655 464 707 μένων
483 654 540 709 τῷ
564 653 686 710 κοινῷ
717 654 791 708 τῆς
834 656 982 709 Ικοινῆς
1006 658 1229 710 προθεῖναι
1257 656 1477 712 σωτηρίας,
1499 658 1602 712 μηδ’
1625 657 1776 707 αὐτοῖς,

325 718 552 773 πεισθῆναι
585 715 685 773 πρὸς
728 717 776 759 τὸ
811 722 1003 772 πολεμεῖν
1035 721 1263 773 ἐνάγουσιν,
1292 721 1336 771 ἐξ
1364 718 1492 776 αὐτῆς
1528 722 1603 776 τῆς
1619 721 1768 777 πείρας
1843 767 1847 770 ,

326 779 509 840 οἷκριβῶς
553 784 868 837 δεδιδαγμένος,
906 781 961 833 ὥς
994 784 1215 834 ἀδυνάτοις
1240 786 1496 841 ἐπιχειροῦσι
1531 788 1604 829 καὶ
1632 781 1821 841 ἅχθοςιο

326 843 430 903 ἆραι
455 847 529 903 τὴν
550 847 734 901 δύναμιν
758 844 899 890 αὐτῶν
914 850 1131 891 ἐθέλουσιν
1151 850 1425 906 ὖπερβαῖνον.
1448 851 1673 895 καταλύων·
1688 854 1766 907 μὲν
1824 890 1827 894 ,

327 909 404 955 οὖν
430 912 502 955 τὸν
528 911 729 966 πόλεμον,
761 911 814 955 τὰ
847 915 993 957 δέοντα
1032 913 1235 972 βουλεύσῃ
1272 914 1347 957 καί
1374 919 1516 975 σαυτῷ
1541 916 1615 960 καὶ
1642 919 1767 973 ἡμῖν·

325 977 571 1020 τούναντίον
602 979 647 1018 δὲ
681 979 834 1032 ποιῶν,
868 976 942 1020 οὖκ
982 977 1074 1022 οἶδα
1103 979 1316 1036 ὁποτέροις
1342 983 1500 1035 μᾶλλον
1527 982 1767 1027 ἀλυσιτελέ-

326 1058 472 1098 στερον
500 1042 730 1101 βουλεύσῃ.
767 1043 967 1098 βασιλεὺς
993 1047 1071 1098 μὲν
1102 1041 1176 1088 οὖν
1205 1044 1226 1088 ὃ
1251 1044 1324 1095 σὸς
1358 1045 1521 1101 ἔγγονος
1551 1047 1644 1106 δίκῃ
1671 1049 1764 1091 δια-

324 1107 501 1149 λύεσθαι
525 1106 576 1149 τὰ
603 1107 837 1164 ἐγκλήματα
875 1102 1165 1166 προκαλεῖται,
1204 1113 1276 1152 καί
1311 1111 1427 1167 παρὰ
1462 1113 1532 1155 σοι’
1567 1114 1740 1170 δικαστῇ
1749 1117 1818 1167 ,15

331 1170 356 1213 ὃ
382 1172 529 1222 πάντες
550 1167 603 1215 ἂν
634 1174 751 1231 αὕτῷ
771 1182 994 1231 συμφαῖεν,
1029 1174 1087 1225 ὦς
1118 1177 1257 1218 δικαία
1282 1174 1308 1231 ἦ
1338 1174 1530 1227 οἷξίωσις·
1577 1173 1619 1234 ἢ,
1647 1177 1693 1222 τό
1718 1195 1765 1234 γε

328 1237 536 1293 δεύτερον,
569 1239 609 1281 εἴ
626 1237 684 1294 μὴ
705 1239 836 1282 αὐτόν
855 1255 922 1282 σοι
943 1238 1050 1282 κατὰ
1076 1239 1241 1296 γνώμην
1261 1240 1366 1298 πρὸς
1385 1240 1461 1298 τὴν
1487 1241 1605 1299 δίκην
1629 1239 1766 1286 οἷπαν-

282 1307 463 1358 Βτῆσαι,
500 1304 590 1344 ἀλλ’
609 1300 737 1346 αὖτὸν
761 1306 836 1357 ἐμὲ
854 1304 960 1361 ὑπὲρ
983 1307 1066 1347 τῶν
1095 1306 1206 1364 αὐτῷ
1234 1306 1517 1363 διαφερόντων
1534 1307 1615 1357 ,τοὶς
1634 1308 1766 1351 εὐθύ-

325 1384 400 1417 νας
421 1374 678 1424 παρασχεῖν.
718 1370 758 1411 εἰ
778 1371 857 1423 μὲν
878 1365 951 1412 οὖν
973 1367 1099 1412 αὐτὸν
1124 1372 1263 1414 ἐλθεῖν
1286 1372 1503 1426 κελεύσεις,
1538 1373 1764 1426 πέπεισμαι

325 1434 494 1489 σαφῶς,
525 1431 581 1483 ὥς
611 1430 759 1490 ὄφθείς
783 1432 908 1487 μόνον
948 1434 1162 1491 ἀραχνίων
1188 1434 1314 1478 ἱστῶν
1337 1437 1640 1494 ἀδρανεστέρας
1659 1434 1819 1482 duo-20

326 1499 452 1551 δείξει
487 1497 563 1549 τὰς
588 1499 892 1556 συκοφαντίας·
922 1501 962 1542 εἰ
990 1502 1060 1554 δὲ,
1100 1502 1147 1542 τό
1170 1518 1216 1556 γε
1247 1501 1454 1558 δεύτερον,
1489 1504 1578 1556 ἐμὲ,
1609 1504 1762 1555 ἐλπίζω

326 1563 398 1606 καί
430 1562 554 1614 αὐτὸς
588 1564 636 1605 οὗ
669 1563 798 1617 μόνον
835 1565 957 1607 οὐδὲν
989 1561 1236 1621 ἠδικηκότα,
1272 1563 1378 1609 ἆλλοὶ
1404 1569 1476 1609 καί
1502 1565 1764 1625 φιλοπάτορα

326 1631 400 1671 καί
423 1628 496 1684 τὴν
528 1629 816 1685 προσήκουσαν
848 1631 955 1671 αἰδῶ
982 1633 1054 1672 καί
1077 1627 1314 1673 εὐπείθειαν
1340 1633 1470 1688 μέχρι
1498 1630 1648 1683 παντὸς
1672 1635 1764 1675 ἐπι-

326 1694 587 1748 δεδειγμένον
616 1690 870 1743 ἀποδείξειν.
913 1696 953 1736 εἷ
979 1696 1019 1735 δ’
1053 1695 1300 1752 ἀμφοτέρων
1321 1695 1477 1739 τούτων
1499 1697 1765 1755 καταφρονή-

327 1774 428 1813 σεις,
463 1757 650 1807 πεισθείς
670 1765 757 1808 τοῖς
777 1761 1118 1815 συκοφαντοῦσιν,
1147 1759 1258 1816 ἡμᾶς
1275 1764 1355 1815 μὲν
1374 1759 1394 1803 ὅ
1414 1760 1511 1812 θεὸς
1540 1763 1590 1804 οὔ
1621 1763 1818 1820 nepio-25

327 1865 466 1902 rantem
486 1859 722 1900 calamitates,
754 1870 847 1906 quae
869 1860 1045 1893 Romanos
1068 1866 1214 1906 propter
1234 1861 1372 1895 bellum
1392 1867 1548 1897 vestrum
1573 1875 1764 1910 oppressu-

328 1919 392 1941 rae
413 1911 506 1940 sunt.
554 1907 627 1950 Ego
649 1917 732 1939 vero
756 1911 792 1939 te
815 1906 962 1940 obsecro
979 1932 988 1948 ,
1012 1918 1058 1940 ne
1091 1908 1243 1951 populos
1259 1913 1340 1941 tuos
1362 1910 1472 1942 tantis
1497 1909 1660 1944 cladibus
1685 1923 1763 1944 ma—

330 1953 419 1987 ctari
449 1954 563 1993 sinas,
596 1953 800 1997 malumque
824 1953 1017 1986 imminens
1049 1954 1238 1997 reprimas,
1272 1965 1351 1987 cum
1372 1960 1505 2000 nepote
1534 1956 1698 1990 redactus
1723 1958 1762 1991 in

329 1999 575 2033 concordiam:
604 1999 690 2044 qui,
716 2004 891 2043 quantum
914 1999 1004 2032 mihi
1026 2005 1184 2041 constat,
1208 2012 1275 2034 nec
1290 2001 1399 2041 facto,
1425 2012 1493 2035 nec
1507 2002 1616 2036 verbo
1642 2014 1762 2049 neque

328 2045 468 2091 pridem
484 2070 494 2086 ‚
518 2057 637 2090 neque
657 2055 780 2078 recens
801 2051 847 2081 te,
862 2046 1022 2079 offendit.
1070 2045 1197 2092 Neque
1218 2050 1314 2080 enim
1331 2048 1470 2092 ignoras
1483 2073 1494 2089 ,
1519 2060 1599 2082 eum
1620 2060 1678 2083 me
1699 2051 1761 2083 in-

328 2093 403 2125 scio
423 2090 519 2123 nihil
544 2092 601 2123 vel
624 2090 742 2124 dicere
765 2092 879 2124 solere
899 2092 956 2124 vel
979 2092 1107 2125 facere.
1155 2093 1240 2126 Noli
1263 2094 1373 2138 igitur
1406 2093 1688 2129 obtrectatorum
1718 2097 1760 2130 in

328 2138 511 2172 communi
534 2143 636 2182 peste
661 2138 916 2170 exsultantium
947 2140 1190 2185 sermunculos
1216 2141 1398 2173 communi
1427 2141 1536 2174 saluti
1561 2142 1760 2177 anteferre:

328 2185 406 2218 noli
432 2183 477 2216 ad
502 2194 596 2216 arma
624 2183 858 2216 incitantibus
899 2184 971 2216 illis
1003 2196 1105 2218 aures
1127 2186 1412 2220 accommodare:
1446 2186 1625 2234 siquidem
1649 2200 1760 2234 expe-

328 2229 460 2263 riundo
485 2229 597 2274 probe
619 2229 804 2270 didicisti,
837 2242 896 2263 eos
917 2231 1039 2263 conari
1064 2243 1156 2276 quae
1185 2233 1263 2266 fieri
1286 2238 1490 2278 nequeunt,
1525 2238 1562 2268 et
1582 2246 1671 2268 onus
1688 2235 1759 2268 tol-

327 2277 426 2316 lere,
452 2275 550 2320 quod
575 2286 695 2308 eorum
715 2275 857 2309 humeri
878 2277 1054 2310 sustinere
1080 2277 1179 2312 haud
1200 2284 1360 2324 possunt.
1409 2280 1537 2325 Itaque
1564 2282 1595 2314 si
1622 2280 1760 2314 bellum

326 2323 447 2356 valere
467 2321 635 2363 iusseris,
665 2321 734 2354 tibi
757 2322 935 2367 nobisque
957 2324 1191 2358 consulueris.
1242 2325 1280 2358 Si
1299 2337 1402 2358 secus
1426 2325 1539 2367 faxis,
1574 2325 1619 2362 de
1643 2332 1679 2361 te
1713 2338 1760 2360 an

328 2369 374 2403 de
399 2367 506 2401 nobis
526 2368 630 2412 peius
662 2378 840 2409 mereare,
866 2368 1035 2414 equidem
1058 2372 1190 2404 nescio.
1241 2370 1360 2415 Nepos
1381 2372 1490 2416 igitur
1514 2377 1597 2405 tuus
1619 2371 1665 2405 ad
1698 2373 1758 2406 iu-

328 2414 462 2448 dicium
490 2419 659 2457 provocat
692 2418 867 2460 tuumque
898 2415 1057 2448 tribunal
1086 2417 1269 2462 appellat:
1295 2418 1395 2450 cuius
1430 2418 1646 2462 petitionem
1679 2431 1756 2453 esse

326 2461 458 2494 iustam
478 2471 582 2493 nemo
602 2459 767 2504 negabit:
800 2458 837 2494 e‘t
862 2461 894 2494 si
930 2461 1047 2506 ipsum
1074 2464 1113 2495 in
1137 2463 1314 2497 iudicium
1347 2463 1470 2496 venire
1504 2475 1579 2497 non
1608 2464 1684 2506 vis,
1716 2471 1758 2500 ut

326 2519 348 2541 a
371 2518 428 2540 me
451 2507 606 2540 rationes
635 2505 733 2538 illius
764 2517 949 2550 reposcam,
974 2513 1084 2553 rogat.
1146 2509 1183 2542 Si
1200 2521 1285 2545 >eum
1309 2520 1373 2554 per
1395 2520 1432 2542 se
1457 2509 1536 2542 sisti
1569 2511 1726 2545 volueris
1745 2538 1756 2554 ‚

327 2554 405 2587 solo
427 2557 574 2598 aspectu
598 2552 792 2585 calumnias
817 2564 1024 2587 aranearum
1044 2555 1127 2588 telis
1146 2555 1378 2589 invalidiores
1409 2561 1633 2590 ostensurum
1659 2558 1756 2592 nihil

325 2600 473 2645 penitus
495 2598 635 2632 dubito:
653 2599 721 2638 sin,
747 2599 846 2644 quod
865 2598 950 2631 huic
963 2600 1166 2644 proximum
1185 2606 1298 2646 optat,
1317 2612 1393 2641 me,
1419 2613 1523 2646 spero
1542 2614 1616 2636 non
1638 2604 1755 2638 solum

325 2645 423 2679 nihil
445 2657 526 2679 eum
547 2644 688 2678 sceleris
710 2645 850 2686 fecisse,
874 2644 938 2678 sed
966 2647 1074 2679 etiam
1094 2648 1147 2680 tui
1174 2653 1214 2680 ut
1243 2648 1403 2693 parentis
1422 2659 1563 2692 semper
1576 2655 1755 2687 amantem
1788 2676 1790 2678 -

327 2692 458 2736 fuisse,
484 2691 716 2738 debitamque
739 2690 806 2726 tibi
825 2692 1061 2730 reverentiam
1094 2694 1315 2739 praestitisse
1334 2693 1375 2731 in
1393 2694 1583 2738 omnibus,
1606 2706 1662 2730 me
1688 2708 1754 2743 pa-
