1832 3132
306 70 420 139 424
830 82 1200 126 CANTAcqum

63 185 65 188 ’
112 188 152 226 A.
168 187 298 234 C-1329
306 188 430 244 βολὴν
456 184 752 242 βδελυξάμενοι
771 185 845 240 τῆς
871 185 1048 238 οἷδικίας,
1075 181 1304 240 προθύμως
1329 175 1732 242 ammaus-§asban

302 253 375 296 καί
402 248 577 300 πολλούς
611 249 830 300 κινδύνους
858 246 1138 302 ὑπεμείναμεν
1180 248 1252 291 καὶ
1276 249 1440 300 πόνους.
1504 245 1576 294 εἶτ’·
1603 245 1734 301 αὖθις

301 314 405 372 μετὰ
431 314 508 370 τὴν
530 312 696 369 μακράν
733 314 908 370 ε’κείνηνο
923 311 1082 368 πλάνην
1120 312 1194 355 καὶ
1210 312 1308 363 τούς
1333 313 1613 371 περιδρόμους
1634 313 1734 365 τούς

302 379 479 430 πολλοὺς
502 381 574 422 καί
598 379 673 435 τὴν
696 381 742 421 ἐκ
777 381 849 435 τῆς
880 381 1051 434 χρονίου
1075 378 1356 422 κακοπάθειαν
1381 379 1641 436 στρατείας’,.
1664 378 1738 422 καί

303 448 376 500 τῆς
398 446 624 501 κρείττονος
648 444 862 499 δυνάμεως
883 445 984 500 ἡμῖν
1005 441 1079 486 τὸν
1094 442 1269 497 πόλεμον
1297 445 1762 501 συγκατεργαζομένηςρ

304 513 389 553 τῶν
418 527 463 552 τε
488 511 695 564 πολεμίων
719 509 1026 567 κεκρατήκαμεν
1047 506 1127 565 ἤδη
1154 511 1353 565 καθαρῶς
1373 511 1445 553 καὶ
1464 509 1540 567 τὴν
1556 509 1738 568 Ῥωμαί-

307 593 366 618 ων
387 573 604 632 ἡγεμονίαν
625 576 1046 631 συγκατεκτησάμεθα
1065 576 1178 628 ὑμῖν.
1234 577 1329 618 νυνί
1347 577 1386 618 δ’
1402 571 1541 626 ἀὖθις
1560 576 1644 618 τῶν
1661 590 1739 617 πο·-

308 643 445 695 λέμων
462 642 736 694 πεπαυμένων
758 643 829 683 καί
849 639 1014 697 εἰρήνης
1041 639 1092 683 τὰ
1111 642 1329 693 Ῥωμαίων
1354 639 1614 697 κατεχούσης,
1627 639 1740 694 προί-

307 723 460 763 γματα,
489 705 664 761 ὁρῶντες
685 702 793 759 ὗμᾶς
815 707 896 749 τῶν
920 709 1130 762 προτέρων
1145 706 1306 759 μείζοσι
1321 711 1459 755 κακοῖς
1476 703 1738 761 ἐπιχειροῦν-

274 777 392 822 Βτας
411 772 524 826 ἡμᾶς
551 773 780 825 ἐμβάλλειν,
800 774 1135 827 παραγγέλλομεν
1154 772 1253 824 ὑμῖν
1271 769 1331 826 μὴ
1357 765 1622 820 αὖθιςκαινά
1647 771 1796 813 δια-ιο

308 839 510 889 νοεῖσθαι,
522 838 623 891 μηδ’
637 835 830 892 ἀφορμὰς
847 838 1043 891 παρέχειν
1055 838 1112 894 τῷ
1126 835 1281 878 κάκιστ’
1298 836 1741 893 ἄπολονμένῳπολέμῳ

310 899 415 956 πρὸς
429 900 526 950 τούς
538 900 783 957 ὁμοφύλους.
811 902 867 944 Εἰ
879 903 999 943 ταῦτ’
1008 900 1143 956 ἔλεγον
1156 900 1228 943 καί
1242 897 1380 957 ὥσπερ
1396 897 1599 956 κορωνίδα
1614 915 1743 956 προσ·
1804 904 1812 911 “

310 965 523 1019 ετίθεσαν,
552 962 629 1024 ὅτι,
659 968 698 1019 εἰ
722 969 800 1019 μὲν
826 968 998 1020 δέχεσθε
1028 967 1098 1008 ἐπὶ
1124 965 1297 1020 τούτοις,
1325 967 1366 1008 εἰ
1385 963 1743 1021 &sudsexensis-e

310 1029 370 1085 μὴ
402 1031 483 1084 οὐχ
519 1030 618 1086 ἡμῖν
640 1033 800 1083 μᾶλλον
827 1028 854 1087 ἢ
882 1031 981 1085 ὑμῖν
1010 1029 1150 1082 αὐτοῖς
1184 1031 1307 1074 αἴτιοι
1338 1027 1542 1085 μειζόνων
1576 1030 1743 1085 γενήσε-

313 1098 392 1136 σθε
419 1097 580 1137 κακῶν·
632 1097 689 1138 Εἰ
717 1098 762 1137 δὲ
790 1095 841 1152 δὴ
871 1097 943 1139 καί
970 1098 1253 1152 προσέθηκαν,
1282 1098 1338 1138 ἐῶ
1364 1095 1443 1152 γὰρ
1473 1097 1624 1149 εἰπεῖν,
1650 1091 1796 1149 ὅτι,ιό

313 1161 354 1202 εἰ
377 1162 456 1214 μὲν
482 1160 680 1214 βασιλεύς
709 1159 836 1213 οὕτως
864 1162 952 1216 ἔχοι
976 1161 1139 1218 γνώμης
1168 1160 1264 1204 ὥστ’
1292 1165 1362 1218 ἐφ’
1387 1159 1562 1218 ἑκάτερα
1593 1160 1747 1219 ῥᾳδίως

313 1225 649 1280 μεταβάλλεσθαι
691 1230 763 1270 καί
795 1231 947 1284 μικρᾶς
983 1230 1099 1270 ἕνεκα
1127 1225 1156 1283 ἢ
1182 1230 1255 1270 καί
1281 1229 1480 1282 οὐδεμιᾶς
1507 1228 1645 1278 αἰτίας
1671 1243 1746 1269 πο-

315 1293 443 1344 λέμου
473 1287 523 1348 ἅρ
528 1308 629 1346 χειν,
659 1295 706 1335 τί
729 1294 796 1334 δεῖ
816 1295 873 1351 τῷ
899 1293 1070 1354 τοιούτῳ
1100 1289 1300 1349 ἇφορμὰς
1326 1294 1517 1350 ταραχῆς
1545 1291 1747 1335 καίστά-

315 1371 420 1406 σεως
458 1356 529 1399 ἐπὶ
565 1357 675 1415 λύμῃ
712 1357 783 1400 καὶ
809 1361 952 1417 φθορᾷ
991 1361 1066 1401 τοῦ
1094 1361 1233 1400 κοινοῦ
1261 1359 1474 1414 παρέχειν.
1527 1359 1568 1402 εἰ
1593 1358 1635 1399 δ’·
1659 1354 1746 1400 ἑτέ-

320 1437 409 1476 ροις
446 1424 633 1465 πείθεται
660 1423 933 1480 συκοφάνταις
962 1425 1034 1466 καί
1060 1423 1303 1480 διεφθορόσι
1328 1425 1400 1466 καί
1426 1424 1550 1466 οῦδὲν
1577 1423 1798 1476 οἷμείνο-αο

200 1489 394 1530 P.260‹nv
421 1484 657 1544 ἀνθρώποις
684 1486 985 1545 ἀνδραπόδων,
1015 1490 1105 1531 οὐδ’
1134 1486 1242 1531 οὕτω
1271 1488 1429 1531 δίκαιον
1458 1489 1557 1531 οῦδὲ
1579 1480 1746 1531 {vatte-

317 1554 385 1602 λὲς
422 1558 507 1602 τοῖς
545 1551 676 1604 οὕτως
714 1554 905 1608 ἔχουσιν,
943 1556 987 1597 ἐν
1022 1554 1150 1612 μοίρᾳ
1178 1553 1321 1610 Καρὸς
1357 1554 1468 1609 ἡμᾶς
1502 1551 1748 1596 ὑποτάττειν

316 1614 503 1668 ἑαυτούς·
552 1619 668 1661 Ἀλλ’
694 1621 733 1669 εἰ
759 1622 1020 1676 προσέθηκαν
1045 1626 1129 1670 τοῖς
1156 1618 1291 1675 λόγοις
1326 1620 1453 1662 ἐκεῖνο
1489 1615 1746 1676 μόνονιὸτι,

319 1735 422 1772 sunt3
458 1730 553 1764 unde
585 1741 646 1765 vos
684 1730 730 1764 ad
760 1731 897 1764 bellum
933 1733 1081 1766 tertium
1114 1731 1288 1776 compulsi
1315 1729 1572 1771 descendistis,
1604 1740 1744 1776 nosque

319 1777 462 1810 sceleris
499 1777 780 1822 magnitudinem
816 1779 993 1819 execrati,
1037 1790 1102 1823 per
1135 1778 1248 1811 multa
1282 1776 1492 1811 discrimina
1527 1776 1744 1822 laboresque

318 1823 470 1867 impigre
493 1824 595 1858 vobis
627 1826 876 1866 succurrimus.
932 1824 1160 1859 Postmodum
1197 1823 1317 1858 denuo
1351 1829 1433 1869 post
1467 1824 1609 1868 longam
1643 1822 1746 1857 illam

318 1871 542 1914 vagationem
575 1872 761 1915 variasque
795 1871 958 1916 ambages
992 1876 1029 1904 et
1058 1871 1287 1910 afflictionem
1319 1869 1512 1904 diuturnae
1535 1868 1744 1914 expeditio-

319 1916 397 1956 nis,
434 1928 514 1949 cum
539 1918 646 1950 etiam
670 1916 793 1950 divina
824 1929 889 1957 nos
922 1918 1032 1952 virtus
1058 1917 1261 1958 adiutaret,
1301 1916 1372 1950 iam
1395 1916 1440 1950 de
1468 1915 1633 1949 hostibus
1657 1926 1743 1960 per-

320 1961 414 1995 fecte
441 1962 738 2007 triumphavimus
764 1967 801 1996 et
825 1965 1022 1996 Romanum
1048 1965 1288 2008 principatum
1311 1963 1495 1997 vobiscum
1513 1962 1742 2008 recuperavi-

320 2018 407 2040 mus.
466 2008 569 2042 Nunc
604 2008 769 2042 hostibus
808 2010 1100 2055 quiescentibus,
1134 2021 1329 2055 pacemque
1366 2010 1524 2054 agitante
1557 2008 1745 2054 republica

320 2065 401 2086 cum
431 2066 613 2088 cernamus
645 2066 706 2088 vos
744 2056 875 2088 iterum
911 2057 1093 2096 laborare,
1131 2057 1234 2090 utin
1257 2057 1351 2089 mala
1378 2055 1558 2101 prioribus
1583 2057 1746 2100 graviora

321 2099 586 2145 praecipitetis,
624 2101 807 2141 iubemus,
844 2114 890 2135 ne
913 2114 1030 2137 rursus
1056 2114 1148 2136 nova
1169 2103 1416 2146 meditemini,
1447 2112 1539 2141 neve
1562 2101 1660 2135 bello
1686 2101 1747 2134 in-

324 2147 556 2187 felicissimo,
591 2147 658 2181 hoc
685 2153 755 2188 est,
779 2148 897 2187 civili,
925 2150 1107 2183 materiam
1134 2149 1336 2195 suggeratis.
1396 2149 1435 2182 Si
1458 2147 1547 2182 haec
1570 2147 1745 2188 dicerent,

323 2193 492 2238 inquam,
522 2198 558 2226 et
580 2198 757 2238 tamquam
782 2195 987 2228 coronidem
1011 2196 1185 2230 adderent
1207 2196 1316 2233 haec:
1364 2195 1403 2229 Si
1427 2194 1574 2240 quidem
1599 2198 1749 2239 propter

321 2237 386 2272 has
422 2239 578 2272 rationes
614 2239 711 2272 dicta
742 2246 860 2274 nostra
893 2241 1083 2276 admittitis
1117 2247 1155 2276 et
1179 2242 1409 2287 approbatis,
1447 2241 1543 2274 bene
1572 2246 1644 2274 est:
1689 2239 1747 2273 sin

322 2290 462 2326 autem,
498 2286 641 2325 videte,
677 2298 723 2319 ne
758 2286 858 2319 vobis
894 2289 1034 2331 potius,
1070 2300 1173 2335 quam
1198 2289 1302 2325 nobis
1327 2287 1523 2332 perniciem
1549 2286 1745 2319 accersatis.

324 2331 433 2374 Quod
457 2331 487 2363 si
514 2331 687 2365 adderent
710 2332 839 2370 etiam,
877 2346 950 2367 non
985 2334 1101 2369 dicam
1133 2336 1205 2368 tale
1243 2334 1352 2381 quid:
1400 2333 1438 2366 Si
1472 2333 1666 2378 imperator
1702 2342 1745 2364 eo

324 2380 372 2410 sit
395 2379 560 2422 ingenio,
597 2384 637 2411 ut
670 2379 709 2411 in
743 2384 930 2425 utramque
957 2387 1094 2424 partem
1118 2382 1223 2414 facilc
1246 2385 1402 2419 mutetur
1426 2384 1463 2418 et
1487 2384 1634 2423 propter
1661 2389 1746 2411 cau—

325 2436 400 2457 sam
423 2425 480 2457 vel
505 2435 645 2467 parvam
670 2425 727 2457 vel
751 2426 884 2457 nullam
910 2427 1044 2460 bellurn
1070 2429 1242 2472 incipiat,
1278 2426 1366 2472 quid
1389 2426 1475 2460 huic
1496 2424 1748 2469 perturbatio-

324 2472 381 2503 nis
407 2481 446 2503 ac
474 2469 660 2504 seditionis
687 2471 731 2503 ad
765 2477 900 2515 pestem
927 2479 963 2506 et
985 2474 1170 2507 interitum
1195 2473 1412 2518 reipublicae
1438 2471 1748 2516 opportunitatem

324 2516 506 2560 porrigere
540 2527 628 2560 opus
663 2517 739 2550 est?
787 2517 825 2550 Si
859 2524 976 2551 autem
1008 2520 1233 2564 sycophantia
1266 2519 1509 2563 perversisque
1536 2516 1749 2553 hominibus,

324 2573 365 2594 ac
388 2562 505 2595 nihilo
530 2563 740 2596 melioribus
765 2566 951 2609 mancipiis
986 2568 1148 2610 pessimis
1174 2566 1404 2611 obsequitur,
1442 2574 1509 2596 nec
1533 2564 1584 2596 sic
1613 2563 1748 2596 iustum

323 2614 431 2653 atque
457 2609 544 2641 utile
569 2620 773 2650 censemus,
810 2610 861 2643 sic
884 2614 1017 2646 affectis
1055 2618 1096 2646 ut
1123 2613 1226 2646 Cares
1251 2623 1316 2644 nos
1342 2610 1518 2643 subiicere
1534 2634 1544 2649 ,
1579 2609 1659 2642 Non
1686 2607 1749 2641 di·-

325 2666 423 2696 cam,
464 2654 495 2688 si
524 2655 640 2697 istuc,
680 2655 743 2689 sed
776 2657 806 2689 si
840 2658 998 2692 orationi
1022 2670 1105 2693 suae
1129 2658 1223 2692 illud
1247 2668 1358 2691 unum
1379 2655 1486 2691 modo
1511 2655 1749 2701 adiungerent
