<?xml version="1.0" encoding="UTF-8"?>
<!DOCTYPE html PUBLIC "-//W3C//DTD XHTML 1.0 Transitional//EN"
    "http://www.w3.org/TR/xhtml1/DTD/xhtml1-transitional.dtd">
<html xmlns="http://www.w3.org/1999/xhtml" xml:lang="en" lang="en">
 <head>
  <title>
</title>
<meta http-equiv="Content-Type" content="text/html;charset=utf-8" />
  <meta name='ocr-system' content='tesseract 3.04.00' />
  <meta name='ocr-capabilities' content='ocr_page ocr_carea ocr_par ocr_line ocrx_word'/>
</head>
<body>
  <div class='ocr_page' id='page_1' title='image "./corpusscriptorum23niebuoft_0298.png"; bbox 0 0 1852 3146; ppageno 0'>
   <div class='ocr_carea' id='block_1_1' title="bbox 342 101 1231 168">
    <p class='ocr_par' dir='ltr' id='par_1_1' title="bbox 342 101 1231 168">
     <span class='ocr_line' id='line_1_1' title="bbox 342 101 1231 168; baseline 0.004 -10"><span class='ocrx_word' id='word_1_1' title='bbox 342 101 454 158; x_wconf 83' lang='lat'>256</span> <span class='ocrx_word' id='word_1_2' title='bbox 862 113 1231 168; x_wconf 78' lang='lat' dir='ltr'><strong>CANTACUZENl</strong></span> 
     </span>
    </p>
   </div>
   <div class='ocr_carea' id='block_1_2' title="bbox 145 213 1838 1702">
    <p class='ocr_par' dir='ltr' id='par_1_2' title="bbox 145 213 1796 599">
     <span class='ocr_line' id='line_1_2' title="bbox 145 213 1768 276; baseline -0.002 -10"><span class='ocrx_word' id='word_1_3' title='bbox 145 229 232 266; x_wconf 81' lang='lat' dir='ltr'><strong>A.c.</strong></span> <span class='ocrx_word' id='word_1_4' title='bbox 250 221 464 276; x_wconf 65' lang='grc' dir='ltr'><em>ιδητέρου</em></span> <span class='ocrx_word' id='word_1_5' title='bbox 491 215 652 271; x_wconf 78' lang='grc' dir='ltr'><em>βλάβην</em></span> <span class='ocrx_word' id='word_1_6' title='bbox 678 213 958 275; x_wconf 76' lang='grc' dir='ltr'><em>ὖφορωμένῳ,</em></span> <span class='ocrx_word' id='word_1_7' title='bbox 997 220 1069 260; x_wconf 84' lang='grc' dir='ltr'>καί</span> <span class='ocrx_word' id='word_1_8' title='bbox 1082 217 1140 261; x_wconf 68' lang='grc' dir='ltr'>τὸ</span> <span class='ocrx_word' id='word_1_9' title='bbox 1171 218 1228 267; x_wconf 79' lang='grc' dir='ltr'><em>ὥς</em></span> <span class='ocrx_word' id='word_1_10' title='bbox 1254 217 1401 275; x_wconf 77' lang='grc' dir='ltr'><strong><em>ἰδιώτῃ</em></strong></span> <span class='ocrx_word' id='word_1_11' title='bbox 1426 216 1768 275; x_wconf 72' lang='grc' dir='ltr'><strong><em>προσενεχθῆναι,</em></strong></span> 
     </span>
     <span class='ocr_line' id='line_1_3' title="bbox 337 280 1769 340; baseline 0.001 -15"><span class='ocrx_word' id='word_1_12' title='bbox 337 281 388 327; x_wconf 80' lang='grc' dir='ltr'>οὖ</span> <span class='ocrx_word' id='word_1_13' title='bbox 415 281 543 336; x_wconf 91' lang='grc' dir='ltr'><em>μόνον</em></span> <span class='ocrx_word' id='word_1_14' title='bbox 570 280 715 335; x_wconf 78' lang='grc' dir='ltr'><em>ἰταμὸν</em></span> <span class='ocrx_word' id='word_1_15' title='bbox 743 283 911 336; x_wconf 72' lang='grc' dir='ltr'><em>δειναῖς,</em></span> <span class='ocrx_word' id='word_1_16' title='bbox 950 282 1056 325; x_wconf 71' lang='grc' dir='ltr'><em>ἀλλὰ</em></span> <span class='ocrx_word' id='word_1_17' title='bbox 1084 282 1157 325; x_wconf 75' lang='grc' dir='ltr'><em>καὶ</em></span> <span class='ocrx_word' id='word_1_18' title='bbox 1179 283 1291 340; x_wconf 77' lang='grc' dir='ltr'><em>αὐτῷ</em></span> <span class='ocrx_word' id='word_1_19' title='bbox 1317 284 1521 339; x_wconf 76' lang='grc' dir='ltr'><strong><em>μηδαμῶς</em></strong></span> <span class='ocrx_word' id='word_1_20' title='bbox 1547 285 1769 339; x_wconf 79' lang='grc' dir='ltr'><em>προσῆκον,</em></span> 
     </span>
     <span class='ocr_line' id='line_1_4' title="bbox 337 344 1771 404; baseline -0.001 -13"><span class='ocrx_word' id='word_1_21' title='bbox 337 345 409 391; x_wconf 75' lang='grc' dir='ltr'>ἅτε</span> <span class='ocrx_word' id='word_1_22' title='bbox 435 347 747 404; x_wconf 77' lang='grc' dir='ltr'><em>πεπαιδευμένῳ</em></span> <span class='ocrx_word' id='word_1_23' title='bbox 782 347 881 404; x_wconf 74' lang='grc' dir='ltr'><em>περὶ</em></span> <span class='ocrx_word' id='word_1_24' title='bbox 908 344 960 390; x_wconf 76' lang='grc' dir='ltr'>τὰ</span> <span class='ocrx_word' id='word_1_25' title='bbox 987 347 1158 390; x_wconf 77' lang='grc' dir='ltr'><em>τοιαῦτα</em></span> <span class='ocrx_word' id='word_1_26' title='bbox 1188 346 1348 397; x_wconf 76' lang='grc' dir='ltr'><em>ἱκανῶς.</em></span> <span class='ocrx_word' id='word_1_27' title='bbox 1388 346 1585 402; x_wconf 73' lang='grc' dir='ltr'><em>βασιλεῦς</em></span> <span class='ocrx_word' id='word_1_28' title='bbox 1609 347 1656 390; x_wconf 79' lang='grc' dir='ltr'>δὲ</span> <span class='ocrx_word' id='word_1_29' title='bbox 1680 348 1771 391; x_wconf 74' lang='grc' dir='ltr'><strong><em>ἐκέ-</em></strong></span> 
     </span>
     <span class='ocr_line' id='line_1_5' title="bbox 336 409 1769 468; baseline 0 -14"><span class='ocrx_word' id='word_1_30' title='bbox 336 417 455 455; x_wconf 87' lang='grc' dir='ltr'><em>λευεν</em></span> <span class='ocrx_word' id='word_1_31' title='bbox 483 409 607 453; x_wconf 77' lang='grc' dir='ltr'><em>αὐτὸν</em></span> <span class='ocrx_word' id='word_1_32' title='bbox 633 409 737 468; x_wconf 82' lang='grc' dir='ltr'><em>πρὸς</em></span> <span class='ocrx_word' id='word_1_33' title='bbox 763 415 938 466; x_wconf 84' lang='grc' dir='ltr'><em>βασιλέα</em></span> <span class='ocrx_word' id='word_1_34' title='bbox 972 409 1059 455; x_wconf 47' lang='grc' dir='ltr'>τὸνι</span> <span class='ocrx_word' id='word_1_35' title='bbox 1086 411 1253 455; x_wconf 81' lang='grc' dir='ltr'><em>πάππον</em></span> <span class='ocrx_word' id='word_1_36' title='bbox 1290 410 1467 455; x_wconf 77' lang='grc' dir='ltr'><em>ἐλθόντα</em></span> <span class='ocrx_word' id='word_1_37' title='bbox 1508 411 1769 467; x_wconf 72' lang='grc' dir='ltr'><em>ἀπαγγεῖλαι,</em></span> 
     </span>
     <span class='ocr_line' id='line_1_6' title="bbox 338 472 1796 533; baseline -0.001 -15"><span class='ocrx_word' id='word_1_38' title='bbox 338 475 395 526; x_wconf 76' lang='grc' dir='ltr'><em>ὥς</em></span> <span class='ocrx_word' id='word_1_39' title='bbox 429 474 598 530; x_wconf 58' lang='lat' dir='ltr'>„devrad</span> <span class='ocrx_word' id='word_1_40' title='bbox 626 491 701 518; x_wconf 88' lang='grc' dir='ltr'><em>σου</em></span> <span class='ocrx_word' id='word_1_41' title='bbox 740 476 938 531; x_wconf 78' lang='grc' dir='ltr'><em>βασιλεὺς</em></span> <span class='ocrx_word' id='word_1_42' title='bbox 974 476 996 520; x_wconf 84' lang='grc' dir='ltr'><strong>ὅ</strong></span> <span class='ocrx_word' id='word_1_43' title='bbox 1035 474 1108 528; x_wconf 86' lang='grc' dir='ltr'><em>σὸς</em></span> <span class='ocrx_word' id='word_1_44' title='bbox 1146 475 1309 531; x_wconf 79' lang='grc' dir='ltr'><em>ἔγγονος</em></span> <span class='ocrx_word' id='word_1_45' title='bbox 1343 472 1372 533; x_wconf 79' lang='grc' dir='ltr'><strong><em>ἢ</em></strong></span> <span class='ocrx_word' id='word_1_46' title='bbox 1411 473 1543 520; x_wconf 81' lang='grc' dir='ltr'><em>αὖτὸν</em></span> <span class='ocrx_word' id='word_1_47' title='bbox 1580 479 1796 530; x_wconf 65' lang='grc' dir='ltr'><em>κελεῦσαι5</em></span> 
     </span>
     <span class='ocr_line' id='line_1_7' title="bbox 337 537 1775 599; baseline 0 -16"><span class='ocrx_word' id='word_1_48' title='bbox 337 539 442 598; x_wconf 87' lang='grc' dir='ltr'><em>πρός</em></span> <span class='ocrx_word' id='word_1_49' title='bbox 470 556 517 583; x_wconf 94' lang='grc' dir='ltr'>σε</span> <span class='ocrx_word' id='word_1_50' title='bbox 546 542 702 595; x_wconf 80' lang='grc' dir='ltr'><em>ἐλθεῖν,</em></span> <span class='ocrx_word' id='word_1_51' title='bbox 742 537 770 597; x_wconf 79' lang='grc' dir='ltr'><strong><em>ἢ</em></strong></span> <span class='ocrx_word' id='word_1_52' title='bbox 797 544 837 584; x_wconf 83' lang='grc' dir='ltr'>εἰ</span> <span class='ocrx_word' id='word_1_53' title='bbox 861 545 977 585; x_wconf 75' lang='grc' dir='ltr'><em>τοῦτο</em></span> <span class='ocrx_word' id='word_1_54' title='bbox 1006 543 1230 599; x_wconf 86' lang='grc' dir='ltr'><em>δυσχερὲς,</em></span> <span class='ocrx_word' id='word_1_55' title='bbox 1260 539 1378 599; x_wconf 77' lang='grc' dir='ltr'><em>ἀλλὰ,</em></span> <span class='ocrx_word' id='word_1_56' title='bbox 1405 540 1454 584; x_wconf 81' lang='grc' dir='ltr'>τό</span> <span class='ocrx_word' id='word_1_57' title='bbox 1489 557 1536 597; x_wconf 83' lang='grc' dir='ltr'>γε</span> <span class='ocrx_word' id='word_1_58' title='bbox 1563 539 1775 598; x_wconf 72' lang='grc' dir='ltr'><em>δεύτερον,</em></span> 
     </span>
    </p>

    <p class='ocr_par' dir='ltr' id='par_1_3' title="bbox 223 605 1838 1702">
     <span class='ocr_line' id='line_1_8' title="bbox 302 605 1772 666; baseline 0.001 -20"><span class='ocrx_word' id='word_1_59' title='bbox 302 608 387 649; x_wconf 78' lang='grc' dir='ltr'>Βέν</span> <span class='ocrx_word' id='word_1_60' title='bbox 413 605 649 664; x_wconf 76' lang='grc' dir='ltr'><em>εὐεργεσίας</em></span> <span class='ocrx_word' id='word_1_61' title='bbox 676 607 838 666; x_wconf 76' lang='grc' dir='ltr'><em>μεγάλῳ</em></span> <span class='ocrx_word' id='word_1_62' title='bbox 878 611 999 664; x_wconf 83' lang='grc' dir='ltr'><em>μέρει</em></span> <span class='ocrx_word' id='word_1_63' title='bbox 1036 607 1192 664; x_wconf 80' lang='grc' dir='ltr'><em>ταύτην</em></span> <span class='ocrx_word' id='word_1_64' title='bbox 1220 607 1338 664; x_wconf 70' lang='grc' dir='ltr'><em>αὐτῷ</em></span> <span class='ocrx_word' id='word_1_65' title='bbox 1363 607 1491 664; x_wconf 82' lang='grc' dir='ltr'><em>χάριν</em></span> <span class='ocrx_word' id='word_1_66' title='bbox 1517 609 1772 661; x_wconf 68' lang='grc' dir='ltr'><em>καταθεῖναι,</em></span> 
     </span>
     <span class='ocr_line' id='line_1_9' title="bbox 342 667 1774 730; baseline -0.001 -15"><span class='ocrx_word' id='word_1_67' title='bbox 342 671 404 726; x_wconf 82' lang='grc' dir='ltr'>τὸ,</span> <span class='ocrx_word' id='word_1_68' title='bbox 434 671 613 715; x_wconf 76' lang='grc' dir='ltr'><em>ἐλθόντα</em></span> <span class='ocrx_word' id='word_1_69' title='bbox 643 669 770 715; x_wconf 69' lang='grc' dir='ltr'><em>αὐτὸν</em></span> <span class='ocrx_word' id='word_1_70' title='bbox 796 675 868 715; x_wconf 75' lang='grc' dir='ltr'>ἐπὶ</span> <span class='ocrx_word' id='word_1_71' title='bbox 892 676 966 716; x_wconf 82' lang='grc' dir='ltr'>τοῦ</span> <span class='ocrx_word' id='word_1_72' title='bbox 992 674 1154 730; x_wconf 78' lang='grc' dir='ltr'><em>πύργου</em></span> <span class='ocrx_word' id='word_1_73' title='bbox 1182 674 1364 726; x_wconf 78' lang='grc' dir='ltr'><em>τουτουῒ,</em></span> <span class='ocrx_word' id='word_1_74' title='bbox 1391 670 1520 728; x_wconf 82' lang='grc' dir='ltr'><em>μικροὶ</em></span> <span class='ocrx_word' id='word_1_75' title='bbox 1540 667 1653 723; x_wconf 68' lang='grc' dir='ltr'><em>ἅττα</em></span> <span class='ocrx_word' id='word_1_76' title='bbox 1680 673 1774 714; x_wconf 82' lang='grc' dir='ltr'><em>δια-</em></span> 
     </span>
     <span class='ocr_line' id='line_1_10' title="bbox 340 733 1773 794; baseline 0.001 -15"><span class='ocrx_word' id='word_1_77' title='bbox 340 739 542 794; x_wconf 78' lang='grc' dir='ltr'><em>λεχθῆναι</em></span> <span class='ocrx_word' id='word_1_78' title='bbox 567 735 670 793; x_wconf 81' lang='grc' dir='ltr'><em>πρὸς</em></span> <span class='ocrx_word' id='word_1_79' title='bbox 693 739 754 792; x_wconf 79' lang='grc' dir='ltr'>σὲ,</span> <span class='ocrx_word' id='word_1_80' title='bbox 782 733 811 793; x_wconf 80' lang='grc' dir='ltr'><em>ἢ</em></span> <span class='ocrx_word' id='word_1_81' title='bbox 839 739 878 780; x_wconf 84' lang='grc' dir='ltr'>εἶ</span> <span class='ocrx_word' id='word_1_82' title='bbox 901 740 1008 794; x_wconf 81' lang='grc' dir='ltr'><em>μηδὲ</em></span> <span class='ocrx_word' id='word_1_83' title='bbox 1035 741 1157 780; x_wconf 79' lang='grc' dir='ltr'><em>τοῦτο</em></span> <span class='ocrx_word' id='word_1_84' title='bbox 1178 736 1364 791; x_wconf 84' lang='grc' dir='ltr'><em>δυνατὸν,</em></span> <span class='ocrx_word' id='word_1_85' title='bbox 1391 735 1438 779; x_wconf 90' lang='grc' dir='ltr'>τό</span> <span class='ocrx_word' id='word_1_86' title='bbox 1454 752 1500 792; x_wconf 90' lang='grc' dir='ltr'>γε</span> <span class='ocrx_word' id='word_1_87' title='bbox 1522 736 1672 794; x_wconf 61' lang='grc' dir='ltr'><em>τριτον,</em></span> <span class='ocrx_word' id='word_1_88' title='bbox 1698 734 1773 780; x_wconf 83' lang='grc' dir='ltr'>τόν</span> 
     </span>
     <span class='ocr_line' id='line_1_11' title="bbox 339 797 1827 860; baseline -0.001 -16"><span class='ocrx_word' id='word_1_89' title='bbox 339 805 458 844; x_wconf 77' lang='grc' dir='ltr'><em>θεῖον</em></span> <span class='ocrx_word' id='word_1_90' title='bbox 487 798 601 859; x_wconf 76' lang='grc' dir='ltr'><em>αὗτῷ</em></span> <span class='ocrx_word' id='word_1_91' title='bbox 617 803 849 859; x_wconf 59' lang='grc' dir='ltr'><em>ΙνΙαρκέσην</em></span> <span class='ocrx_word' id='word_1_92' title='bbox 876 800 982 860; x_wconf 85' lang='grc' dir='ltr'><em>πρὸς</em></span> <span class='ocrx_word' id='word_1_93' title='bbox 1009 801 1138 845; x_wconf 69' lang='grc' dir='ltr'><em>αὐτὸν</em></span> <span class='ocrx_word' id='word_1_94' title='bbox 1166 803 1412 845; x_wconf 74' lang='grc' dir='ltr'><em>ἀποστεῖλαι</em></span> <span class='ocrx_word' id='word_1_95' title='bbox 1439 797 1595 858; x_wconf 84' lang='grc' dir='ltr'><em>οἷρτίως</em></span> <span class='ocrx_word' id='word_1_96' title='bbox 1619 797 1827 858; x_wconf 81' lang='grc' dir='ltr'><em>ἧκονταῐο</em></span> 
     </span>
     <span class='ocr_line' id='line_1_12' title="bbox 342 862 1776 924; baseline -0.001 -15"><span class='ocrx_word' id='word_1_97' title='bbox 342 868 389 909; x_wconf 74' lang='grc' dir='ltr'>ἐκ</span> <span class='ocrx_word' id='word_1_98' title='bbox 416 867 748 924; x_wconf 80' lang='grc' dir='ltr'><em>Λουμπαρδίας,</em></span> <span class='ocrx_word' id='word_1_99' title='bbox 788 865 877 922; x_wconf 77' lang='grc' dir='ltr'><em>ἅμα</em></span> <span class='ocrx_word' id='word_1_100' title='bbox 901 870 980 922; x_wconf 86' lang='grc' dir='ltr'>μὲν</span> <span class='ocrx_word' id='word_1_101' title='bbox 1007 869 1238 922; x_wconf 73' lang='grc' dir='ltr'><em>ἐπιθυμίαν</em></span> <span class='ocrx_word' id='word_1_102' title='bbox 1266 866 1416 922; x_wconf 78' lang='grc' dir='ltr'><em>ἔχοντα</em></span> <span class='ocrx_word' id='word_1_103' title='bbox 1444 862 1559 924; x_wconf 78' lang='grc' dir='ltr'><em>αὖτῷ</em></span> <span class='ocrx_word' id='word_1_104' title='bbox 1586 868 1776 922; x_wconf 81' lang='grc' dir='ltr'><em>συγγενέ-</em></span> 
     </span>
     <span class='ocr_line' id='line_1_13' title="bbox 342 927 1777 989; baseline -0.001 -14"><span class='ocrx_word' id='word_1_105' title='bbox 342 935 449 975; x_wconf 86' lang='grc' dir='ltr'><em>σθαι</em></span> <span class='ocrx_word' id='word_1_106' title='bbox 475 932 628 988; x_wconf 90' lang='grc' dir='ltr'><em>χρόνον</em></span> <span class='ocrx_word' id='word_1_107' title='bbox 667 927 749 988; x_wconf 74' lang='grc' dir='ltr'>ἤδη</span> <span class='ocrx_word' id='word_1_108' title='bbox 791 932 948 988; x_wconf 86' lang='grc' dir='ltr'><em>συχνὸν</em></span> <span class='ocrx_word' id='word_1_109' title='bbox 977 930 1284 989; x_wconf 77' lang='grc' dir='ltr'><em>ἄποδημοῦντι,</em></span> <span class='ocrx_word' id='word_1_110' title='bbox 1322 929 1413 987; x_wconf 74' lang='grc' dir='ltr'><em>ἅμα</em></span> <span class='ocrx_word' id='word_1_111' title='bbox 1441 934 1469 974; x_wconf 90' lang='grc' dir='ltr'><em>δ</em></span> <span class='ocrx_word' id='word_1_112' title='bbox 1477 936 1490 953; x_wconf 87' lang='lat'>’</span> <span class='ocrx_word' id='word_1_113' title='bbox 1522 932 1593 975; x_wconf 76' lang='grc' dir='ltr'>ἵνα</span> <span class='ocrx_word' id='word_1_114' title='bbox 1616 931 1777 988; x_wconf 76' lang='grc' dir='ltr'><em>χρήση-</em></span> 
     </span>
     <span class='ocr_line' id='line_1_14' title="bbox 343 991 1779 1057; baseline -0.001 -18"><span class='ocrx_word' id='word_1_115' title='bbox 343 1014 416 1039; x_wconf 89' lang='grc' dir='ltr'><em>ται</em></span> <span class='ocrx_word' id='word_1_116' title='bbox 443 994 555 1055; x_wconf 77' lang='grc' dir='ltr'><em>αὗτῷ</em></span> <span class='ocrx_word' id='word_1_117' title='bbox 582 996 654 1039; x_wconf 76' lang='grc' dir='ltr'><em>καὶ</em></span> <span class='ocrx_word' id='word_1_118' title='bbox 678 1000 906 1055; x_wconf 78' lang='grc' dir='ltr'><em>πρεσβευτῇ</em></span> <span class='ocrx_word' id='word_1_119' title='bbox 931 997 1036 1054; x_wconf 83' lang='grc' dir='ltr'><em>πρὸς</em></span> <span class='ocrx_word' id='word_1_120' title='bbox 1064 996 1228 1040; x_wconf 78' lang='grc' dir='ltr'><em>αὕτόν.”</em></span> <span class='ocrx_word' id='word_1_121' title='bbox 1279 997 1302 1039; x_wconf 81' lang='grc' dir='ltr'>ὅ</span> <span class='ocrx_word' id='word_1_122' title='bbox 1331 999 1410 1052; x_wconf 82' lang='grc' dir='ltr'>μὲν</span> <span class='ocrx_word' id='word_1_123' title='bbox 1436 991 1511 1041; x_wconf 66' lang='grc' dir='ltr'>οὖν</span> <span class='ocrx_word' id='word_1_124' title='bbox 1539 995 1779 1057; x_wconf 73' lang='grc' dir='ltr'><em>Μαροόλης</em></span> 
     </span>
     <span class='ocr_line' id='line_1_15' title="bbox 306 1059 1778 1119; baseline 0.002 -16"><span class='ocrx_word' id='word_1_125' title='bbox 306 1073 308 1075; x_wconf 84' lang='grc'><em>“</em></span> <span class='ocrx_word' id='word_1_126' title='bbox 342 1060 485 1115; x_wconf 73' lang='grc' dir='ltr'><em>εἰπών,</em></span> <span class='ocrx_word' id='word_1_127' title='bbox 514 1059 569 1112; x_wconf 77' lang='grc' dir='ltr'><em>ὥς</em></span> <span class='ocrx_word' id='word_1_128' title='bbox 592 1061 754 1118; x_wconf 84' lang='grc' dir='ltr'><em>ποιήσει</em></span> <span class='ocrx_word' id='word_1_129' title='bbox 781 1060 828 1104; x_wconf 85' lang='grc' dir='ltr'>τὸ</span> <span class='ocrx_word' id='word_1_130' title='bbox 865 1065 1109 1116; x_wconf 84' lang='grc' dir='ltr'><em>κελευσθὲν,</em></span> <span class='ocrx_word' id='word_1_131' title='bbox 1139 1059 1335 1118; x_wconf 83' lang='grc' dir='ltr'><em>οἷπῆλθεν.</em></span> <span class='ocrx_word' id='word_1_132' title='bbox 1379 1061 1403 1104; x_wconf 78' lang='grc' dir='ltr'>ὅ</span> <span class='ocrx_word' id='word_1_133' title='bbox 1430 1065 1573 1109; x_wconf 76' lang='grc' dir='ltr'><em>μέντοι</em></span> <span class='ocrx_word' id='word_1_134' title='bbox 1598 1063 1778 1119; x_wconf 79' lang='grc' dir='ltr'><em>,Μαρκέ-</em></span> 
     </span>
     <span class='ocr_line' id='line_1_16' title="bbox 345 1123 1831 1184; baseline 0.003 -16"><span class='ocrx_word' id='word_1_135' title='bbox 345 1142 421 1181; x_wconf 89' lang='grc' dir='ltr'><em>σης</em></span> <span class='ocrx_word' id='word_1_136' title='bbox 450 1125 661 1183; x_wconf 88' lang='grc' dir='ltr'><em>Θεόδωρος</em></span> <span class='ocrx_word' id='word_1_137' title='bbox 687 1125 780 1175; x_wconf 83' lang='grc' dir='ltr'><em>υἱὸς</em></span> <span class='ocrx_word' id='word_1_138' title='bbox 807 1129 1011 1180; x_wconf 82' lang='grc' dir='ltr'><em>βασιλέως</em></span> <span class='ocrx_word' id='word_1_139' title='bbox 1038 1123 1090 1183; x_wconf 78' lang='grc' dir='ltr'>ἦν</span> <span class='ocrx_word' id='word_1_140' title='bbox 1124 1130 1200 1169; x_wconf 78' lang='grc' dir='ltr'>τοῦ</span> <span class='ocrx_word' id='word_1_141' title='bbox 1228 1130 1511 1184; x_wconf 77' lang='grc' dir='ltr'><em>πρεσβυτέρου</em></span> <span class='ocrx_word' id='word_1_142' title='bbox 1532 1129 1587 1171; x_wconf 66' lang='grc' dir='ltr'>,ἐκ</span> <span class='ocrx_word' id='word_1_143' title='bbox 1613 1125 1831 1182; x_wconf 52' lang='lat' dir='ltr'>Busan-15</span> 
     </span>
     <span class='ocr_line' id='line_1_17' title="bbox 350 1189 1779 1250; baseline 0.001 -18"><span class='ocrx_word' id='word_1_144' title='bbox 350 1193 419 1241; x_wconf 84' lang='grc' dir='ltr'><em>δος</em></span> <span class='ocrx_word' id='word_1_145' title='bbox 442 1190 620 1246; x_wconf 79' lang='grc' dir='ltr'><em>Εἰρήνης</em></span> <span class='ocrx_word' id='word_1_146' title='bbox 647 1194 721 1245; x_wconf 84' lang='grc' dir='ltr'><em>τῆς</em></span> <span class='ocrx_word' id='word_1_147' title='bbox 747 1190 955 1248; x_wconf 82' lang='grc' dir='ltr'><em>θυγατρὸς</em></span> <span class='ocrx_word' id='word_1_148' title='bbox 984 1195 1192 1249; x_wconf 82' lang='grc' dir='ltr'><em>Μαρκέση</em></span> <span class='ocrx_word' id='word_1_149' title='bbox 1222 1190 1426 1248; x_wconf 80' lang='grc' dir='ltr'><em>Μοόντης</em></span> <span class='ocrx_word' id='word_1_150' title='bbox 1457 1189 1674 1250; x_wconf 74' lang='grc' dir='ltr'><em>Φαράντες</em></span> <span class='ocrx_word' id='word_1_151' title='bbox 1691 1193 1779 1236; x_wconf 77' lang='grc' dir='ltr'>’τοῦ</span> 
     </span>
     <span class='ocr_line' id='line_1_18' title="bbox 348 1250 1781 1314; baseline 0.002 -17"><span class='ocrx_word' id='word_1_152' title='bbox 348 1255 660 1312; x_wconf 88' lang='grc' dir='ltr'><em>Λουμπαρδίας</em></span> <span class='ocrx_word' id='word_1_153' title='bbox 685 1250 884 1311; x_wconf 71' lang='grc' dir='ltr'><em>ἄρχοντος</em></span> <span class='ocrx_word' id='word_1_154' title='bbox 908 1259 1062 1313; x_wconf 85' lang='grc' dir='ltr'><em>μέρους</em></span> <span class='ocrx_word' id='word_1_155' title='bbox 1082 1260 1356 1313; x_wconf 82' lang='grc' dir='ltr'><em>γεγενημένος·</em></span> <span class='ocrx_word' id='word_1_156' title='bbox 1382 1256 1483 1300; x_wconf 77' lang='grc' dir='ltr'><em>κατὰ</em></span> <span class='ocrx_word' id='word_1_157' title='bbox 1514 1259 1561 1300; x_wconf 85' lang='grc' dir='ltr'>δὲ</span> <span class='ocrx_word' id='word_1_158' title='bbox 1591 1259 1781 1314; x_wconf 78' lang='grc' dir='ltr'><em>μητρῷον</em></span> 
     </span>
     <span class='ocr_line' id='line_1_19' title="bbox 223 1317 1783 1380; baseline 0.004 -22"><span class='ocrx_word' id='word_1_159' title='bbox 223 1323 342 1370; x_wconf 80' lang='lat' dir='ltr'><strong>v-127</strong></span> <span class='ocrx_word' id='word_1_160' title='bbox 354 1322 504 1376; x_wconf 85' lang='grc' dir='ltr'><em>κλῆρον</em></span> <span class='ocrx_word' id='word_1_161' title='bbox 532 1322 591 1370; x_wconf 84' lang='grc' dir='ltr'><em>εἰς</em></span> <span class='ocrx_word' id='word_1_162' title='bbox 616 1321 928 1376; x_wconf 89' lang='grc' dir='ltr'><em>Λουμπαρδίαν</em></span> <span class='ocrx_word' id='word_1_163' title='bbox 956 1322 1164 1375; x_wconf 74' lang='grc' dir='ltr'><em>ἀπελθών,</em></span> <span class='ocrx_word' id='word_1_164' title='bbox 1203 1317 1333 1379; x_wconf 78' lang='grc' dir='ltr'><em>’ἦρχεν</em></span> <span class='ocrx_word' id='word_1_165' title='bbox 1360 1324 1451 1364; x_wconf 79' lang='grc' dir='ltr'><em>ἐκεῖ</em></span> <span class='ocrx_word' id='word_1_166' title='bbox 1466 1321 1544 1378; x_wconf 79' lang='grc' dir='ltr'>τὴν</span> <span class='ocrx_word' id='word_1_167' title='bbox 1570 1323 1783 1380; x_wconf 87' lang='grc' dir='ltr'><em>μητρόθεν</em></span> 
     </span>
     <span class='ocr_line' id='line_1_20' title="bbox 353 1384 1785 1442; baseline 0.001 -15"><span class='ocrx_word' id='word_1_168' title='bbox 353 1384 469 1442; x_wconf 75' lang='grc' dir='ltr'><em>αὐτῷ</em></span> <span class='ocrx_word' id='word_1_169' title='bbox 496 1384 783 1441; x_wconf 82' lang='grc' dir='ltr'><em>προσήκουσαν</em></span> <span class='ocrx_word' id='word_1_170' title='bbox 811 1385 958 1442; x_wconf 83' lang='grc' dir='ltr'><em>οἷρχὴν.</em></span> <span class='ocrx_word' id='word_1_171' title='bbox 997 1385 1089 1428; x_wconf 86' lang='grc' dir='ltr'><em>τότε</em></span> <span class='ocrx_word' id='word_1_172' title='bbox 1120 1389 1166 1429; x_wconf 82' lang='grc' dir='ltr'>δὲ</span> <span class='ocrx_word' id='word_1_173' title='bbox 1194 1389 1253 1436; x_wconf 85' lang='grc' dir='ltr'><em>εἰς</em></span> <span class='ocrx_word' id='word_1_174' title='bbox 1278 1387 1512 1439; x_wconf 83' lang='grc' dir='ltr'><em>Βυζάντιον</em></span> <span class='ocrx_word' id='word_1_175' title='bbox 1541 1386 1689 1442; x_wconf 79' lang='grc' dir='ltr'><em>ἔτυχεν</em></span> <span class='ocrx_word' id='word_1_176' title='bbox 1715 1389 1785 1431; x_wconf 77' lang='grc' dir='ltr'>ἐλ-</span> 
     </span>
     <span class='ocr_line' id='line_1_21' title="bbox 321 1447 1838 1506; baseline 0.002 -13"><span class='ocrx_word' id='word_1_177' title='bbox 321 1449 473 1504; x_wconf 73' lang='grc' dir='ltr'><em>Οθών,</em></span> <span class='ocrx_word' id='word_1_178' title='bbox 519 1447 609 1503; x_wconf 75' lang='grc' dir='ltr'><em>ἅμα</em></span> <span class='ocrx_word' id='word_1_179' title='bbox 643 1452 722 1503; x_wconf 87' lang='grc' dir='ltr'>μὲν</span> <span class='ocrx_word' id='word_1_180' title='bbox 760 1449 963 1504; x_wconf 77' lang='grc' dir='ltr'><em>ὀψόμενος</em></span> <span class='ocrx_word' id='word_1_181' title='bbox 999 1449 1098 1500; x_wconf 81' lang='grc' dir='ltr'><em>τούς</em></span> <span class='ocrx_word' id='word_1_182' title='bbox 1125 1458 1354 1506; x_wconf 82' lang='grc' dir='ltr'><em>συγγενεῖς,</em></span> <span class='ocrx_word' id='word_1_183' title='bbox 1383 1449 1473 1505; x_wconf 78' lang='grc' dir='ltr'><em>ἅμα</em></span> <span class='ocrx_word' id='word_1_184' title='bbox 1511 1453 1539 1494; x_wconf 87' lang='grc' dir='ltr'><em>δ</em></span> <span class='ocrx_word' id='word_1_185' title='bbox 1548 1455 1576 1506; x_wconf 89' lang='lat'>&#39;‚</span> <span class='ocrx_word' id='word_1_186' title='bbox 1605 1454 1674 1495; x_wconf 81' lang='grc' dir='ltr'>ἵνα</span> <span class='ocrx_word' id='word_1_187' title='bbox 1710 1452 1838 1496; x_wconf 61' lang='grc' dir='ltr'>καίπο</span> 
     </span>
     <span class='ocr_line' id='line_1_22' title="bbox 349 1511 1784 1574; baseline 0.001 -18"><span class='ocrx_word' id='word_1_188' title='bbox 349 1513 464 1571; x_wconf 81' lang='grc' dir='ltr'><em>παρὰ</em></span> <span class='ocrx_word' id='word_1_189' title='bbox 501 1516 705 1569; x_wconf 82' lang='grc' dir='ltr'><em>βασιλέως</em></span> <span class='ocrx_word' id='word_1_190' title='bbox 744 1517 820 1556; x_wconf 77' lang='grc' dir='ltr'>τοῦ</span> <span class='ocrx_word' id='word_1_191' title='bbox 862 1513 1021 1571; x_wconf 82' lang='grc' dir='ltr'><em>πατρὸς</em></span> <span class='ocrx_word' id='word_1_192' title='bbox 1049 1517 1318 1573; x_wconf 75' lang='grc' dir='ltr'><em>εὖεργετηθῇ·</em></span> <span class='ocrx_word' id='word_1_193' title='bbox 1368 1518 1487 1559; x_wconf 77' lang='grc' dir='ltr'><em>τοῦτο</em></span> <span class='ocrx_word' id='word_1_194' title='bbox 1515 1518 1564 1558; x_wconf 82' lang='grc' dir='ltr'>δ’</span> <span class='ocrx_word' id='word_1_195' title='bbox 1590 1511 1642 1572; x_wconf 81' lang='grc' dir='ltr'>ἦν</span> <span class='ocrx_word' id='word_1_196' title='bbox 1668 1512 1784 1574; x_wconf 72' lang='grc' dir='ltr'><em>αῧτῷ</em></span> 
     </span>
     <span class='ocr_line' id='line_1_23' title="bbox 350 1578 1786 1636; baseline 0 -14"><span class='ocrx_word' id='word_1_197' title='bbox 350 1586 483 1622; x_wconf 80' lang='grc' dir='ltr'><em>ποιεῖν</em></span> <span class='ocrx_word' id='word_1_198' title='bbox 511 1583 555 1631; x_wconf 75' lang='grc' dir='ltr'>ἐξ</span> <span class='ocrx_word' id='word_1_199' title='bbox 583 1578 707 1628; x_wconf 81' lang='grc' dir='ltr'><em>ἔθους</em></span> <span class='ocrx_word' id='word_1_200' title='bbox 734 1581 841 1621; x_wconf 84' lang='grc' dir='ltr'><em>κατά</em></span> <span class='ocrx_word' id='word_1_201' title='bbox 868 1596 986 1629; x_wconf 87' lang='grc' dir='ltr'><em>τινας</em></span> <span class='ocrx_word' id='word_1_202' title='bbox 1022 1579 1241 1634; x_wconf 81' lang='grc' dir='ltr'><em>περιόδους</em></span> <span class='ocrx_word' id='word_1_203' title='bbox 1269 1581 1382 1622; x_wconf 76' lang='grc' dir='ltr'><em>ἐτῶν.</em></span> <span class='ocrx_word' id='word_1_204' title='bbox 1422 1578 1446 1620; x_wconf 78' lang='grc' dir='ltr'>ὅ</span> <span class='ocrx_word' id='word_1_205' title='bbox 1474 1581 1522 1623; x_wconf 81' lang='grc' dir='ltr'>δὲ</span> <span class='ocrx_word' id='word_1_206' title='bbox 1548 1579 1786 1636; x_wconf 78' lang='grc' dir='ltr'><em>Μαρούλης</em></span> 
     </span>
     <span class='ocr_line' id='line_1_24' title="bbox 350 1640 1794 1702; baseline 0.001 -16"><span class='ocrx_word' id='word_1_207' title='bbox 350 1642 458 1699; x_wconf 75' lang='grc' dir='ltr'><em>μετὰ</em></span> <span class='ocrx_word' id='word_1_208' title='bbox 481 1643 627 1699; x_wconf 86' lang='grc' dir='ltr'><em>μικρὸν</em></span> <span class='ocrx_word' id='word_1_209' title='bbox 667 1644 713 1684; x_wconf 77' lang='grc' dir='ltr'>ἐκ</span> <span class='ocrx_word' id='word_1_210' title='bbox 736 1645 942 1697; x_wconf 84' lang='grc' dir='ltr'><em>βασιλέως</em></span> <span class='ocrx_word' id='word_1_211' title='bbox 979 1642 1140 1697; x_wconf 77' lang='grc' dir='ltr'><em>ἐλθών,</em></span> <span class='ocrx_word' id='word_1_212' title='bbox 1179 1640 1395 1699; x_wconf 73' lang='grc' dir='ltr'><em>ἀπήγγειλε</em></span> <span class='ocrx_word' id='word_1_213' title='bbox 1435 1646 1493 1701; x_wconf 77' lang='grc' dir='ltr'>τῷ</span> <span class='ocrx_word' id='word_1_214' title='bbox 1519 1646 1596 1702; x_wconf 79' lang='grc' dir='ltr'>νέῳ</span> <span class='ocrx_word' id='word_1_215' title='bbox 1622 1647 1794 1699; x_wconf 79' lang='grc' dir='ltr'><em>βασιλεῖ</em></span> 
     </span>
    </p>
   </div>
   <div class='ocr_carea' id='block_1_3' title="bbox 447 1730 1787 1778">
    <p class='ocr_par' dir='ltr' id='par_1_4' title="bbox 447 1730 1787 1778">
     <span class='ocr_line' id='line_1_25' title="bbox 447 1730 1787 1778; baseline 0 -10"><span class='ocrx_word' id='word_1_216' title='bbox 447 1734 602 1778; x_wconf 88' lang='lat' dir='ltr'>5.Intpr.</span> <span class='ocrx_word' id='word_1_217' title='bbox 615 1732 781 1774; x_wconf 80' lang='grc' dir='ltr'><em>βασιλεῦ.</em></span> <span class='ocrx_word' id='word_1_218' title='bbox 844 1731 1024 1766; x_wconf 46' lang='lat' dir='ltr'>madro&amp;</span> <span class='ocrx_word' id='word_1_219' title='bbox 1047 1737 1088 1765; x_wconf 92' lang='lat' dir='ltr'>ut</span> <span class='ocrx_word' id='word_1_220' title='bbox 1111 1743 1217 1777; x_wconf 87' lang='lat' dir='ltr'>supra</span> <span class='ocrx_word' id='word_1_221' title='bbox 1234 1743 1299 1777; x_wconf 85' lang='lat' dir='ltr'>pro</span> <span class='ocrx_word' id='word_1_222' title='bbox 1317 1730 1425 1777; x_wconf 67' lang='grc' dir='ltr'><em>αὐτῷ.</em></span> <span class='ocrx_word' id='word_1_223' title='bbox 1454 1732 1536 1767; x_wconf 82' lang='lat' dir='ltr'>ED.</span> <span class='ocrx_word' id='word_1_224' title='bbox 1547 1733 1589 1771; x_wconf 87' lang='grc' dir='ltr'>Ρ.</span> <span class='ocrx_word' id='word_1_225' title='bbox 1654 1733 1696 1768; x_wconf 81' lang='lat'>16</span> <span class='ocrx_word' id='word_1_226' title='bbox 1718 1733 1787 1768; x_wconf 90' lang='lat' dir='ltr'>Su-</span> 
     </span>
    </p>
   </div>
   <div class='ocr_carea' id='block_1_4' title="bbox 446 1774 1787 1872">
    <p class='ocr_par' dir='ltr' id='par_1_5' title="bbox 446 1774 1787 1872">
     <span class='ocr_line' id='line_1_26' title="bbox 446 1774 1787 1827; baseline 0.002 -15"><span class='ocrx_word' id='word_1_227' title='bbox 446 1780 569 1825; x_wconf 86' lang='lat' dir='ltr'>perius</span> <span class='ocrx_word' id='word_1_228' title='bbox 598 1784 783 1813; x_wconf 85' lang='lat' dir='ltr'>vocaverat</span> <span class='ocrx_word' id='word_1_229' title='bbox 813 1774 1038 1826; x_wconf 77' lang='grc' dir='ltr'><em>Μουμφαροὶ</em></span> <span class='ocrx_word' id='word_1_230' title='bbox 1049 1803 1062 1820; x_wconf 90' lang='lat'><em>,</em></span> <span class='ocrx_word' id='word_1_231' title='bbox 1084 1778 1228 1813; x_wconf 84' lang='lat' dir='ltr'>Nicetas</span> <span class='ocrx_word' id='word_1_232' title='bbox 1255 1784 1376 1813; x_wconf 83' lang='lat' dir='ltr'>autem</span> <span class='ocrx_word' id='word_1_233' title='bbox 1395 1776 1608 1827; x_wconf 80' lang='grc' dir='ltr'><em>μαρκέσιον</em></span> <span class='ocrx_word' id='word_1_234' title='bbox 1633 1779 1787 1823; x_wconf 78' lang='grc' dir='ltr'><em>Μόντης</em></span> 
     </span>
     <span class='ocr_line' id='line_1_27' title="bbox 451 1823 1646 1872; baseline -0.004 -13"><span class='ocrx_word' id='word_1_235' title='bbox 451 1823 643 1872; x_wconf 77' lang='grc' dir='ltr'><em>Φεράντις.</em></span> <span class='ocrx_word' id='word_1_236' title='bbox 668 1826 748 1859; x_wconf 88' lang='lat' dir='ltr'>ED.</span> <span class='ocrx_word' id='word_1_237' title='bbox 770 1825 809 1859; x_wconf 88' lang='grc' dir='ltr'>Ρ.</span> <span class='ocrx_word' id='word_1_238' title='bbox 1592 1831 1597 1834; x_wconf 89' lang='grc'><strong><em>·</em></strong></span> <span class='ocrx_word' id='word_1_239' title='bbox 1644 1852 1646 1854; x_wconf 78' lang='grc'>,</span> 
     </span>
    </p>
   </div>
   <div class='ocr_carea' id='block_1_5' title="bbox 1824 0 1852 897">
    <p class='ocr_par' dir='ltr' id='par_1_6' title="bbox 1824 0 1852 897">
     <span class='ocr_line' id='line_1_28' title="bbox 1824 0 1852 897; baseline 0 0"><span class='ocrx_word' id='word_1_240' title='bbox 1824 0 1852 897; x_wconf 95' lang='lat' dir='ltr'> </span> 
     </span>
    </p>
   </div>
   <div class='ocr_carea' id='block_1_6' title="bbox 355 1903 1793 2729">
    <p class='ocr_par' dir='ltr' id='par_1_7' title="bbox 358 1903 1790 2136">
     <span class='ocr_line' id='line_1_29' title="bbox 359 1903 1787 1950; baseline 0.001 -10"><span class='ocrx_word' id='word_1_241' title='bbox 359 1916 398 1940; x_wconf 87' lang='lat' dir='ltr'>se</span> <span class='ocrx_word' id='word_1_242' title='bbox 422 1904 523 1945; x_wconf 83' lang='lat' dir='ltr'>velut</span> <span class='ocrx_word' id='word_1_243' title='bbox 545 1916 626 1949; x_wconf 85' lang='lat' dir='ltr'>erga</span> <span class='ocrx_word' id='word_1_244' title='bbox 650 1906 840 1950; x_wconf 85' lang='lat' dir='ltr'>privatum,</span> <span class='ocrx_word' id='word_1_245' title='bbox 864 1916 939 1938; x_wconf 90' lang='lat' dir='ltr'>non</span> <span class='ocrx_word' id='word_1_246' title='bbox 964 1904 1079 1939; x_wconf 89' lang='lat' dir='ltr'>solum</span> <span class='ocrx_word' id='word_1_247' title='bbox 1103 1903 1293 1949; x_wconf 84' lang='lat' dir='ltr'>impudens</span> <span class='ocrx_word' id='word_1_248' title='bbox 1317 1904 1449 1939; x_wconf 75' lang='lat' dir='ltr'>factum</span> <span class='ocrx_word' id='word_1_249' title='bbox 1465 1909 1570 1947; x_wconf 70' lang='lat' dir='ltr'>erat,</span> <span class='ocrx_word' id='word_1_250' title='bbox 1593 1903 1657 1940; x_wconf 83' lang='lat' dir='ltr'>sed</span> <span class='ocrx_word' id='word_1_251' title='bbox 1678 1907 1787 1943; x_wconf 85' lang='lat' dir='ltr'>etiam</span> 
     </span>
     <span class='ocr_line' id='line_1_30' title="bbox 358 1950 1787 1998; baseline 0.002 -13"><span class='ocrx_word' id='word_1_252' title='bbox 358 1957 403 1985; x_wconf 86' lang='lat' dir='ltr'>ut</span> <span class='ocrx_word' id='word_1_253' title='bbox 427 1953 465 1985; x_wconf 89' lang='lat' dir='ltr'>in</span> <span class='ocrx_word' id='word_1_254' title='bbox 490 1951 697 1984; x_wconf 89' lang='lat' dir='ltr'>huiusmodi</span> <span class='ocrx_word' id='word_1_255' title='bbox 721 1962 859 1984; x_wconf 87' lang='lat' dir='ltr'>morum</span> <span class='ocrx_word' id='word_1_256' title='bbox 882 1952 1056 1985; x_wconf 85' lang='lat' dir='ltr'>civilitate</span> <span class='ocrx_word' id='word_1_257' title='bbox 1082 1953 1219 1996; x_wconf 87' lang='lat' dir='ltr'>egregie</span> <span class='ocrx_word' id='word_1_258' title='bbox 1243 1951 1410 1986; x_wconf 87' lang='lat' dir='ltr'>instituto</span> <span class='ocrx_word' id='word_1_259' title='bbox 1424 1977 1433 1992; x_wconf 95' lang='lat'>‚</span> <span class='ocrx_word' id='word_1_260' title='bbox 1455 1950 1682 1998; x_wconf 84' lang='lat' dir='ltr'>nequaquam</span> <span class='ocrx_word' id='word_1_261' title='bbox 1699 1964 1787 1989; x_wconf 88' lang='lat' dir='ltr'>con-</span> 
     </span>
     <span class='ocr_line' id='line_1_31' title="bbox 359 1996 1789 2042; baseline 0.002 -10"><span class='ocrx_word' id='word_1_262' title='bbox 359 1998 538 2032; x_wconf 82' lang='lat' dir='ltr'>veniebat.</span> <span class='ocrx_word' id='word_1_263' title='bbox 588 1997 694 2031; x_wconf 88' lang='lat' dir='ltr'>Iubet</span> <span class='ocrx_word' id='word_1_264' title='bbox 718 1998 826 2042; x_wconf 85' lang='lat' dir='ltr'>igitur</span> <span class='ocrx_word' id='word_1_265' title='bbox 849 2008 982 2041; x_wconf 87' lang='lat' dir='ltr'>nepos,</span> <span class='ocrx_word' id='word_1_266' title='bbox 1009 1997 1053 2030; x_wconf 89' lang='lat' dir='ltr'>ad</span> <span class='ocrx_word' id='word_1_267' title='bbox 1081 2009 1183 2030; x_wconf 89' lang='lat' dir='ltr'>avum</span> <span class='ocrx_word' id='word_1_268' title='bbox 1209 1996 1356 2039; x_wconf 80' lang='lat' dir='ltr'>abiens,</span> <span class='ocrx_word' id='word_1_269' title='bbox 1391 1999 1425 2031; x_wconf 88' lang='lat' dir='ltr'>ei</span> <span class='ocrx_word' id='word_1_270' title='bbox 1450 1999 1524 2032; x_wconf 82' lang='lat' dir='ltr'>suis</span> <span class='ocrx_word' id='word_1_271' title='bbox 1550 1998 1668 2032; x_wconf 79' lang='lat' dir='ltr'>verbis</span> <span class='ocrx_word' id='word_1_272' title='bbox 1696 1999 1789 2035; x_wconf 80' lang='lat' dir='ltr'>haec</span> 
     </span>
     <span class='ocr_line' id='line_1_32' title="bbox 362 2043 1789 2089; baseline 0.003 -13"><span class='ocrx_word' id='word_1_273' title='bbox 362 2043 479 2077; x_wconf 85' lang='lat' dir='ltr'>dicat:</span> <span class='ocrx_word' id='word_1_274' title='bbox 507 2044 595 2077; x_wconf 83' lang='lat' dir='ltr'>Orat</span> <span class='ocrx_word' id='word_1_275' title='bbox 618 2049 653 2076; x_wconf 88' lang='lat' dir='ltr'>te</span> <span class='ocrx_word' id='word_1_276' title='bbox 678 2054 789 2087; x_wconf 89' lang='lat' dir='ltr'>nepos</span> <span class='ocrx_word' id='word_1_277' title='bbox 813 2049 894 2076; x_wconf 86' lang='lat' dir='ltr'>tuus</span> <span class='ocrx_word' id='word_1_278' title='bbox 909 2069 919 2085; x_wconf 89' lang='lat'>‚</span> <span class='ocrx_word' id='word_1_279' title='bbox 946 2045 1161 2089; x_wconf 86' lang='lat' dir='ltr'>imperator,</span> <span class='ocrx_word' id='word_1_280' title='bbox 1197 2049 1239 2076; x_wconf 86' lang='lat' dir='ltr'>ut</span> <span class='ocrx_word' id='word_1_281' title='bbox 1262 2049 1324 2077; x_wconf 87' lang='lat' dir='ltr'>aut</span> <span class='ocrx_word' id='word_1_282' title='bbox 1347 2046 1465 2089; x_wconf 86' lang='lat' dir='ltr'>ipsum</span> <span class='ocrx_word' id='word_1_283' title='bbox 1488 2044 1534 2078; x_wconf 84' lang='lat' dir='ltr'>ad</span> <span class='ocrx_word' id='word_1_284' title='bbox 1557 2050 1594 2079; x_wconf 83' lang='lat' dir='ltr'>te</span> <span class='ocrx_word' id='word_1_285' title='bbox 1619 2053 1789 2088; x_wconf 79' lang='lat' dir='ltr'>accersas,</span> 
     </span>
     <span class='ocr_line' id='line_1_33' title="bbox 360 2088 1790 2136; baseline 0.003 -14"><span class='ocrx_word' id='word_1_286' title='bbox 360 2095 424 2123; x_wconf 83' lang='lat' dir='ltr'>aut</span> <span class='ocrx_word' id='word_1_287' title='bbox 450 2091 479 2122; x_wconf 90' lang='lat' dir='ltr'>si</span> <span class='ocrx_word' id='word_1_288' title='bbox 507 2089 576 2123; x_wconf 90' lang='lat' dir='ltr'>hoc</span> <span class='ocrx_word' id='word_1_289' title='bbox 600 2089 771 2130; x_wconf 87' lang='lat' dir='ltr'>difficile,</span> <span class='ocrx_word' id='word_1_290' title='bbox 799 2090 881 2133; x_wconf 63' lang='lat' dir='ltr'>‘ipse</span> <span class='ocrx_word' id='word_1_291' title='bbox 913 2101 1139 2134; x_wconf 85' lang='lat' dir='ltr'>progressus,</span> <span class='ocrx_word' id='word_1_292' title='bbox 1183 2088 1228 2122; x_wconf 89' lang='lat' dir='ltr'>de</span> <span class='ocrx_word' id='word_1_293' title='bbox 1257 2091 1348 2123; x_wconf 86' lang='lat' dir='ltr'>turri</span> <span class='ocrx_word' id='word_1_294' title='bbox 1380 2089 1448 2123; x_wconf 84' lang='lat' dir='ltr'>hac</span> <span class='ocrx_word' id='word_1_295' title='bbox 1478 2092 1599 2136; x_wconf 81' lang='lat' dir='ltr'>paucis</span> <span class='ocrx_word' id='word_1_296' title='bbox 1633 2097 1669 2125; x_wconf 84' lang='lat' dir='ltr'>te</span> <span class='ocrx_word' id='word_1_297' title='bbox 1693 2093 1790 2126; x_wconf 85' lang='lat' dir='ltr'>allo-</span> 
     </span>
    </p>

    <p class='ocr_par' dir='ltr' id='par_1_8' title="bbox 355 2134 1793 2729">
     <span class='ocr_line' id='line_1_34' title="bbox 390 2134 1790 2183; baseline 0.004 -15"><span class='ocrx_word' id='word_1_298' title='bbox 390 2141 534 2168; x_wconf 85' lang='lat' dir='ltr'>nentem</span> <span class='ocrx_word' id='word_1_299' title='bbox 561 2135 703 2168; x_wconf 84' lang='lat' dir='ltr'>audias:</span> <span class='ocrx_word' id='word_1_300' title='bbox 736 2141 773 2169; x_wconf 91' lang='lat' dir='ltr'>et</span> <span class='ocrx_word' id='word_1_301' title='bbox 795 2134 864 2168; x_wconf 92' lang='lat' dir='ltr'>hoc</span> <span class='ocrx_word' id='word_1_302' title='bbox 895 2135 1111 2169; x_wconf 87' lang='lat' dir='ltr'>beneficium</span> <span class='ocrx_word' id='word_1_303' title='bbox 1127 2160 1137 2176; x_wconf 93' lang='lat'><em>‚</em></span> <span class='ocrx_word' id='word_1_304' title='bbox 1174 2135 1272 2181; x_wconf 87' lang='lat' dir='ltr'>quod</span> <span class='ocrx_word' id='word_1_305' title='bbox 1295 2137 1351 2169; x_wconf 90' lang='lat' dir='ltr'>illi</span> <span class='ocrx_word' id='word_1_306' title='bbox 1375 2147 1440 2182; x_wconf 90' lang='lat' dir='ltr'>pro</span> <span class='ocrx_word' id='word_1_307' title='bbox 1465 2148 1591 2183; x_wconf 83' lang='lat' dir='ltr'>magno</span> <span class='ocrx_word' id='word_1_308' title='bbox 1616 2139 1704 2180; x_wconf 86' lang='lat' dir='ltr'>erit,</span> <span class='ocrx_word' id='word_1_309' title='bbox 1741 2150 1790 2173; x_wconf 84' lang='lat' dir='ltr'>ne</span> 
     </span>
     <span class='ocr_line' id='line_1_35' title="bbox 362 2148 1791 2228; baseline 0.003 -14"><span class='ocrx_word' id='word_1_310' title='bbox 362 2148 528 2226; x_wconf 58' lang='lat' dir='ltr'>deneges.</span> <span class='ocrx_word' id='word_1_311' title='bbox 577 2181 685 2226; x_wconf 86' lang='lat' dir='ltr'>Quod</span> <span class='ocrx_word' id='word_1_312' title='bbox 708 2181 738 2214; x_wconf 89' lang='lat' dir='ltr'>si</span> <span class='ocrx_word' id='word_1_313' title='bbox 762 2192 878 2226; x_wconf 91' lang='lat' dir='ltr'>neque</span> <span class='ocrx_word' id='word_1_314' title='bbox 905 2181 974 2214; x_wconf 91' lang='lat' dir='ltr'>hoc</span> <span class='ocrx_word' id='word_1_315' title='bbox 999 2183 1077 2215; x_wconf 83' lang='lat' dir='ltr'>fieri</span> <span class='ocrx_word' id='word_1_316' title='bbox 1100 2187 1232 2226; x_wconf 85' lang='lat' dir='ltr'>potest,</span> <span class='ocrx_word' id='word_1_317' title='bbox 1259 2183 1381 2216; x_wconf 88' lang='lat' dir='ltr'>saltem</span> <span class='ocrx_word' id='word_1_318' title='bbox 1404 2188 1572 2228; x_wconf 89' lang='lat' dir='ltr'>patruum</span> <span class='ocrx_word' id='word_1_319' title='bbox 1596 2185 1672 2219; x_wconf 81' lang='lat' dir='ltr'>eius</span> <span class='ocrx_word' id='word_1_320' title='bbox 1694 2184 1791 2219; x_wconf 85' lang='lat' dir='ltr'>Mar-</span> 
     </span>
     <span class='ocr_line' id='line_1_36' title="bbox 364 2227 1790 2276; baseline 0.002 -16"><span class='ocrx_word' id='word_1_321' title='bbox 364 2227 532 2261; x_wconf 84' lang='lat' dir='ltr'>chionem</span> <span class='ocrx_word' id='word_1_322' title='bbox 547 2252 557 2268; x_wconf 92' lang='lat'>,</span> <span class='ocrx_word' id='word_1_323' title='bbox 586 2238 708 2260; x_wconf 87' lang='lat' dir='ltr'>recens</span> <span class='ocrx_word' id='word_1_324' title='bbox 735 2238 778 2260; x_wconf 83' lang='lat' dir='ltr'>ex</span> <span class='ocrx_word' id='word_1_325' title='bbox 802 2227 1015 2261; x_wconf 86' lang='lat' dir='ltr'>Lombardia</span> <span class='ocrx_word' id='word_1_326' title='bbox 1041 2234 1278 2273; x_wconf 85' lang='lat' dir='ltr'>praesentem,</span> <span class='ocrx_word' id='word_1_327' title='bbox 1309 2228 1355 2261; x_wconf 84' lang='lat' dir='ltr'>ad</span> <span class='ocrx_word' id='word_1_328' title='bbox 1379 2240 1459 2262; x_wconf 90' lang='lat' dir='ltr'>eum</span> <span class='ocrx_word' id='word_1_329' title='bbox 1478 2231 1617 2272; x_wconf 86' lang='lat' dir='ltr'>mittas,</span> <span class='ocrx_word' id='word_1_330' title='bbox 1642 2233 1790 2276; x_wconf 88' lang='lat' dir='ltr'>quicum</span> 
     </span>
     <span class='ocr_line' id='line_1_37' title="bbox 355 2273 1789 2326; baseline 0.002 -20"><span class='ocrx_word' id='word_1_331' title='bbox 355 2279 449 2318; x_wconf 75' lang='lat' dir='ltr'>‘post</span> <span class='ocrx_word' id='word_1_332' title='bbox 471 2274 611 2317; x_wconf 85' lang='lat' dir='ltr'>longam</span> <span class='ocrx_word' id='word_1_333' title='bbox 635 2273 832 2307; x_wconf 83' lang='lat' dir='ltr'>absentiam</span> <span class='ocrx_word' id='word_1_334' title='bbox 863 2285 1062 2307; x_wconf 86' lang='lat' dir='ltr'>sermonem</span> <span class='ocrx_word' id='word_1_335' title='bbox 1089 2274 1261 2307; x_wconf 84' lang='lat' dir='ltr'>conferre</span> <span class='ocrx_word' id='word_1_336' title='bbox 1287 2274 1486 2317; x_wconf 82' lang='lat' dir='ltr'>desiderat,</span> <span class='ocrx_word' id='word_1_337' title='bbox 1521 2282 1558 2310; x_wconf 89' lang='lat' dir='ltr'>et</span> <span class='ocrx_word' id='word_1_338' title='bbox 1585 2288 1656 2324; x_wconf 85' lang='lat' dir='ltr'>quo</span> <span class='ocrx_word' id='word_1_339' title='bbox 1681 2279 1789 2326; x_wconf 67' lang='lat' dir='ltr'>etiam</span> 
     </span>
     <span class='ocr_line' id='line_1_38' title="bbox 365 2320 1788 2367; baseline 0.003 -15"><span class='ocrx_word' id='word_1_340' title='bbox 365 2320 481 2364; x_wconf 86' lang='lat' dir='ltr'>legato</span> <span class='ocrx_word' id='word_1_341' title='bbox 510 2320 555 2352; x_wconf 90' lang='lat' dir='ltr'>ad</span> <span class='ocrx_word' id='word_1_342' title='bbox 581 2325 618 2352; x_wconf 87' lang='lat' dir='ltr'>te</span> <span class='ocrx_word' id='word_1_343' title='bbox 649 2324 779 2352; x_wconf 84' lang='lat' dir='ltr'>utatur.</span> <span class='ocrx_word' id='word_1_344' title='bbox 837 2320 993 2353; x_wconf 86' lang='lat' dir='ltr'>Marules</span> <span class='ocrx_word' id='word_1_345' title='bbox 1029 2330 1065 2353; x_wconf 92' lang='lat' dir='ltr'>se</span> <span class='ocrx_word' id='word_1_346' title='bbox 1100 2330 1174 2353; x_wconf 86' lang='lat' dir='ltr'>rem</span> <span class='ocrx_word' id='word_1_347' title='bbox 1211 2326 1417 2353; x_wconf 88' lang='lat' dir='ltr'>curaturum</span> <span class='ocrx_word' id='word_1_348' title='bbox 1449 2323 1650 2367; x_wconf 85' lang='lat' dir='ltr'>recipiens,</span> <span class='ocrx_word' id='word_1_349' title='bbox 1687 2323 1788 2356; x_wconf 82' lang='lat' dir='ltr'>abiit.</span> 
     </span>
     <span class='ocr_line' id='line_1_39' title="bbox 365 2364 1789 2410; baseline 0.002 -11"><span class='ocrx_word' id='word_1_350' title='bbox 365 2365 525 2399; x_wconf 77' lang='lat' dir='ltr'>Mar-chio</span> <span class='ocrx_word' id='word_1_351' title='bbox 550 2365 609 2398; x_wconf 89' lang='lat' dir='ltr'>hic</span> <span class='ocrx_word' id='word_1_352' title='bbox 627 2364 836 2398; x_wconf 83' lang='lat' dir='ltr'>Theodorus</span> <span class='ocrx_word' id='word_1_353' title='bbox 862 2366 1012 2398; x_wconf 85' lang='lat' dir='ltr'>senioris</span> <span class='ocrx_word' id='word_1_354' title='bbox 1037 2366 1260 2410; x_wconf 84' lang='lat' dir='ltr'>imperatoris</span> <span class='ocrx_word' id='word_1_355' title='bbox 1285 2367 1393 2408; x_wconf 83' lang='lat' dir='ltr'>filius,</span> <span class='ocrx_word' id='word_1_356' title='bbox 1418 2378 1461 2400; x_wconf 81' lang='lat' dir='ltr'>ex</span> <span class='ocrx_word' id='word_1_357' title='bbox 1485 2369 1588 2402; x_wconf 84' lang='lat' dir='ltr'>Irene</span> <span class='ocrx_word' id='word_1_358' title='bbox 1610 2368 1789 2402; x_wconf 83' lang='lat' dir='ltr'>marchio-</span> 
     </span>
     <span class='ocr_line' id='line_1_40' title="bbox 366 2411 1790 2458; baseline 0.002 -13"><span class='ocrx_word' id='word_1_359' title='bbox 366 2411 424 2445; x_wconf 80' lang='lat' dir='ltr'>nis</span> <span class='ocrx_word' id='word_1_360' title='bbox 455 2411 736 2451; x_wconf 84' lang='lat' dir='ltr'>Montisferrati‚</span> <span class='ocrx_word' id='word_1_361' title='bbox 779 2412 842 2456; x_wconf 87' lang='lat' dir='ltr'>qui</span> <span class='ocrx_word' id='word_1_362' title='bbox 879 2418 1019 2456; x_wconf 86' lang='lat' dir='ltr'>partem</span> <span class='ocrx_word' id='word_1_363' title='bbox 1060 2411 1296 2445; x_wconf 87' lang='lat' dir='ltr'>Lombardiae</span> <span class='ocrx_word' id='word_1_364' title='bbox 1330 2413 1503 2454; x_wconf 79' lang='lat' dir='ltr'>tenebat,</span> <span class='ocrx_word' id='word_1_365' title='bbox 1539 2415 1613 2448; x_wconf 85' lang='lat' dir='ltr'>filia</span> <span class='ocrx_word' id='word_1_366' title='bbox 1644 2425 1790 2458; x_wconf 82' lang='lat' dir='ltr'>procre-</span> 
     </span>
     <span class='ocr_line' id='line_1_41' title="bbox 368 2456 1791 2502; baseline 0.002 -12"><span class='ocrx_word' id='word_1_367' title='bbox 368 2462 458 2490; x_wconf 83' lang='lat' dir='ltr'>atus.</span> <span class='ocrx_word' id='word_1_368' title='bbox 508 2456 582 2500; x_wconf 84' lang='lat' dir='ltr'>Qui</span> <span class='ocrx_word' id='word_1_369' title='bbox 615 2457 654 2489; x_wconf 87' lang='lat' dir='ltr'>in</span> <span class='ocrx_word' id='word_1_370' title='bbox 681 2456 932 2490; x_wconf 86' lang='lat' dir='ltr'>Lombardiam</span> <span class='ocrx_word' id='word_1_371' title='bbox 955 2457 1135 2502; x_wconf 83' lang='lat' dir='ltr'>profectus</span> <span class='ocrx_word' id='word_1_372' title='bbox 1151 2482 1161 2498; x_wconf 91' lang='lat'>‚</span> <span class='ocrx_word' id='word_1_373' title='bbox 1191 2458 1269 2490; x_wconf 85' lang='lat' dir='ltr'>illic</span> <span class='ocrx_word' id='word_1_374' title='bbox 1292 2464 1453 2491; x_wconf 84' lang='lat' dir='ltr'>materna</span> <span class='ocrx_word' id='word_1_375' title='bbox 1477 2465 1572 2494; x_wconf 88' lang='lat' dir='ltr'>sorte</span> <span class='ocrx_word' id='word_1_376' title='bbox 1594 2459 1640 2492; x_wconf 88' lang='lat' dir='ltr'>ad</span> <span class='ocrx_word' id='word_1_377' title='bbox 1661 2470 1699 2494; x_wconf 85' lang='lat' dir='ltr'>se</span> <span class='ocrx_word' id='word_1_378' title='bbox 1724 2459 1791 2493; x_wconf 85' lang='lat' dir='ltr'>de-</span> 
     </span>
     <span class='ocr_line' id='line_1_42' title="bbox 366 2502 1791 2549; baseline 0.002 -12"><span class='ocrx_word' id='word_1_379' title='bbox 366 2503 531 2538; x_wconf 84' lang='lat' dir='ltr'>volutum</span> <span class='ocrx_word' id='word_1_380' title='bbox 564 2502 803 2546; x_wconf 87' lang='lat' dir='ltr'>principatum</span> <span class='ocrx_word' id='word_1_381' title='bbox 839 2503 993 2547; x_wconf 86' lang='lat' dir='ltr'>regebat.</span> <span class='ocrx_word' id='word_1_382' title='bbox 1042 2504 1107 2537; x_wconf 86' lang='lat' dir='ltr'>Per</span> <span class='ocrx_word' id='word_1_383' title='bbox 1139 2503 1179 2537; x_wconf 88' lang='lat' dir='ltr'>id</span> <span class='ocrx_word' id='word_1_384' title='bbox 1207 2514 1291 2537; x_wconf 83' lang='lat' dir='ltr'>vero</span> <span class='ocrx_word' id='word_1_385' title='bbox 1323 2509 1483 2549; x_wconf 84' lang='lat' dir='ltr'>tempus,</span> <span class='ocrx_word' id='word_1_386' title='bbox 1517 2505 1571 2537; x_wconf 86' lang='lat' dir='ltr'>uti</span> <span class='ocrx_word' id='word_1_387' title='bbox 1604 2511 1688 2549; x_wconf 88' lang='lat' dir='ltr'>post</span> <span class='ocrx_word' id='word_1_388' title='bbox 1720 2507 1791 2541; x_wconf 87' lang='lat' dir='ltr'>ali—</span> 
     </span>
     <span class='ocr_line' id='line_1_43' title="bbox 368 2549 1792 2595; baseline 0.004 -13"><span class='ocrx_word' id='word_1_389' title='bbox 368 2553 460 2594; x_wconf 87' lang='lat' dir='ltr'>quot</span> <span class='ocrx_word' id='word_1_390' title='bbox 494 2559 668 2581; x_wconf 88' lang='lat' dir='ltr'>annorum</span> <span class='ocrx_word' id='word_1_391' title='bbox 695 2549 910 2581; x_wconf 90' lang='lat' dir='ltr'>curriculum</span> <span class='ocrx_word' id='word_1_392' title='bbox 940 2560 1079 2594; x_wconf 86' lang='lat' dir='ltr'>semper</span> <span class='ocrx_word' id='word_1_393' title='bbox 1114 2549 1265 2590; x_wconf 84' lang='lat' dir='ltr'>solebat,</span> <span class='ocrx_word' id='word_1_394' title='bbox 1299 2550 1508 2594; x_wconf 82' lang='lat' dir='ltr'>Byzantium</span> <span class='ocrx_word' id='word_1_395' title='bbox 1545 2557 1713 2586; x_wconf 82' lang='lat' dir='ltr'>venerat:</span> <span class='ocrx_word' id='word_1_396' title='bbox 1740 2555 1792 2595; x_wconf 64' lang='grc' dir='ltr'>8ἰῖ-</span> 
     </span>
     <span class='ocr_line' id='line_1_44' title="bbox 367 2594 1793 2640; baseline 0.003 -12"><span class='ocrx_word' id='word_1_397' title='bbox 367 2594 446 2628; x_wconf 87' lang='lat' dir='ltr'>mul</span> <span class='ocrx_word' id='word_1_398' title='bbox 474 2599 516 2628; x_wconf 90' lang='lat' dir='ltr'>ut</span> <span class='ocrx_word' id='word_1_399' title='bbox 547 2595 825 2640; x_wconf 86' lang='lat' dir='ltr'>consanguineos</span> <span class='ocrx_word' id='word_1_400' title='bbox 849 2595 1003 2634; x_wconf 85' lang='lat' dir='ltr'>viseret,</span> <span class='ocrx_word' id='word_1_401' title='bbox 1040 2596 1148 2629; x_wconf 90' lang='lat' dir='ltr'>simul</span> <span class='ocrx_word' id='word_1_402' title='bbox 1170 2601 1212 2628; x_wconf 90' lang='lat' dir='ltr'>ut</span> <span class='ocrx_word' id='word_1_403' title='bbox 1235 2606 1255 2628; x_wconf 92' lang='lat' dir='ltr'>a</span> <span class='ocrx_word' id='word_1_404' title='bbox 1277 2596 1378 2639; x_wconf 81' lang='lat' dir='ltr'>patre</span> <span class='ocrx_word' id='word_1_405' title='bbox 1402 2604 1530 2628; x_wconf 87' lang='lat' dir='ltr'>munus</span> <span class='ocrx_word' id='word_1_406' title='bbox 1553 2594 1793 2633; x_wconf 86' lang='lat' dir='ltr'>beneficium-</span> 
     </span>
     <span class='ocr_line' id='line_1_45' title="bbox 370 2639 1791 2687; baseline 0.004 -14"><span class='ocrx_word' id='word_1_407' title='bbox 370 2651 442 2687; x_wconf 88' lang='lat' dir='ltr'>que</span> <span class='ocrx_word' id='word_1_408' title='bbox 469 2639 653 2685; x_wconf 84' lang='lat' dir='ltr'>acciperet.</span> <span class='ocrx_word' id='word_1_409' title='bbox 700 2640 809 2675; x_wconf 91' lang='lat' dir='ltr'>Paulo</span> <span class='ocrx_word' id='word_1_410' title='bbox 833 2646 915 2684; x_wconf 87' lang='lat' dir='ltr'>post</span> <span class='ocrx_word' id='word_1_411' title='bbox 942 2641 1095 2675; x_wconf 85' lang='lat' dir='ltr'>Marules</span> <span class='ocrx_word' id='word_1_412' title='bbox 1120 2640 1165 2674; x_wconf 81' lang='lat' dir='ltr'>ab</span> <span class='ocrx_word' id='word_1_413' title='bbox 1189 2642 1402 2683; x_wconf 86' lang='lat' dir='ltr'>imperatore</span> <span class='ocrx_word' id='word_1_414' title='bbox 1432 2651 1610 2685; x_wconf 86' lang='lat' dir='ltr'>regressus</span> <span class='ocrx_word' id='word_1_415' title='bbox 1634 2647 1791 2686; x_wconf 82' lang='lat' dir='ltr'>nuntiat,</span> 
     </span>
     <span class='ocr_line' id='line_1_46' title="bbox 370 2685 1792 2729; baseline 0.004 -7"><span class='ocrx_word' id='word_1_416' title='bbox 370 2695 474 2726; x_wconf 75' lang='lat' dir='ltr'>avum</span> <span class='ocrx_word' id='word_1_417' title='bbox 495 2685 685 2729; x_wconf 83' lang='lat' dir='ltr'>mandare,</span> <span class='ocrx_word' id='word_1_418' title='bbox 718 2685 805 2721; x_wconf 84' lang='lat' dir='ltr'>inde</span> <span class='ocrx_word' id='word_1_419' title='bbox 831 2685 1024 2721; x_wconf 77' lang='lat' dir='ltr'>abscedat:</span> <span class='ocrx_word' id='word_1_420' title='bbox 1058 2696 1149 2724; x_wconf 85' lang='lat' dir='ltr'>neve</span> <span class='ocrx_word' id='word_1_421' title='bbox 1172 2687 1312 2722; x_wconf 76' lang='lat' dir='ltr'>nitatur</span> <span class='ocrx_word' id='word_1_422' title='bbox 1344 2685 1424 2721; x_wconf 77' lang='lat' dir='ltr'>eius</span> <span class='ocrx_word' id='word_1_423' title='bbox 1454 2686 1581 2723; x_wconf 79' lang='lat' dir='ltr'>urbem</span> <span class='ocrx_word' id='word_1_424' title='bbox 1602 2688 1676 2724; x_wconf 82' lang='lat' dir='ltr'>sibi</span> <span class='ocrx_word' id='word_1_425' title='bbox 1696 2700 1792 2727; x_wconf 79' lang='lat' dir='ltr'>asse-</span> 
     </span>
    </p>
   </div>
  </div>
 </body>
</html>
