1832 3138
298 102 315 140 ι
329 83 402 140 38
830 96 1200 143 (ᾺΝΤΑΟΠΖΕΜ

88 200 171 236 A.c.
193 201 554 255 ι3ααὲξαναλα5σεις
577 197 652 246 οὔκ
681 197 824 255 ὄλίγας
861 198 1036 255 ἐσόμενα
1065 201 1248 258 χρυσίου
1283 199 1543 260 μυριάδας,’
1565 199 1625 255 οῦς
1667 207 1742 258 καὶ

256 263 421 315 Βαύτὸς
442 261 535 307 οἶδα
562 265 731 320 σαφῶς.
775 263 842 307 διὸ
870 268 945 309 καί
959 267 1034 322 τῆς
1062 265 1241 323 ἀπορίας
1265 268 1347 322 οὔχ
1368 263 1499 324 ἧσσον
1526 259 1740 327 τῶνᾷρη»

284 330 428 384 μάτων
467 327 513 372 τὸ
552 330 596 371 ἐν
634 329 849 381 τοσούτοις
880 347 929 373 σε
967 330 1159 386 χρήμασι
1194 332 1465 386 ζημιοῦσθαι
1484 334 1747 379 καθικνεῖταί

283 414 369 452 μου
399 398 472 452 τῆς
504 398 694 451 ψυχῆς.”
753 398 947 453 παροῦσα
992 398 1040 438 δὲ
1083 396 1228 446 αὖτοῖς
1261 398 1572 454 διαλεγομένοις
1607 399 1682 443 καὶ
1708 400 1738 456 ἦ

283 465 362 507 τοῦ
399 459 581 516 μεγάλου
628 462 871 515 δομεστίκου
908 460 1045 518 μήτηρ
1090 459 1116 516 ἦ
1154 462 1468 518 Παλαιολογίνα
1515 465 1766 522 Θεοδώρα·5

283 529 407 582 „dux
438 526 591 582 ἔγωγε”
624 524 737 569 εἶπεν
771 526 852 580 ,,ού
886 525 1038 582 ζημίαν
1060 522 1219 582 ἥγημαι
1240 524 1287 567 τὸ
1319 527 1557 572 ἀναλίσκειν
1580 531 1628 572 ἐν
1650 536 1738 580 τοῖς

283 591 501 646 τοιούτοις,
524 589 630 634 ἀλλὰ
652 591 815 634 πάντων
837 592 995 648 κερδῶν
1019 589 1361 635 λυσιτελέστατόν
1377 608 1421 635 τε
1446 591 1536 648 ἅμα
1559 593 1633 644 καὶ
1654 611 1740 638 σω-

284 658 574 716 φρονέστατον.
604 659 643 700 εἰ
663 656 740 714 γὰρ
768 655 921 713 λύτρον
946 658 1090 712 ψυχῆς
1112 654 1264 732 ἀνδρὸς
1285 656 1309 698 ὅ
1336 655 1442 709 ἴδιος
1470 660 1673 713 πλοῦτος,’
1689 654 1742 702 ἅν

279 727 328 766 θ’
351 722 455 780 ὑπὲρ
478 723 563 766 τῶν
589 724 708 766 ἰδίων
730 739 794 772 τις
818 719 1146 779 ἁμαρτημάτων,
1174 738 1231 764 αν
1250 725 1296 764 θ’
1319 722 1424 780 ὑπὲρ
1445 724 1520 766 τοῦ
1539 725 1612 782 ζῇν
1633 723 1740 777 οἰνα-

283 789 424 847 moy,
465 790 516 830 ού
547 790 700 845 ζημίαν
730 787 803 844 την
837 788 1048 844 δαπάνην,
1086 786 1192 830 ἄλλα
1226 787 1372 844 κέρδος
1405 788 1602 845 ἡγεῖσθαι
1627 788 1791 847 χρήἿο

282 850 419 905 ἄλλως
448 871 493 898 τε
514 854 587 898 καί
613 855 698 897 τῶν
723 853 847 910 ἱερῶν
869 851 1150 896 διδασκόντων
1178 853 1339 908 λογίων,
1365 853 1425 905 ὥς
1442 887 1456 909 ,
1485 850 1592 899 ὅπου
1615 854 1741 912 ‘5³²1-

243 920 440 978 Οσαυρὸς
466 920 600 975 ὑμῶν,
630 921 721 961 ἐκεῖ
734 917 855 962 ἔσται
879 917 952 960 καί
975 917 1001 974 ἦ
1025 919 1179 975 καρδία
1215 918 1351 972 ὑμῶν,
1390 917 1508 977 παρὰ
1535 918 1630 978 uoci,
1657 923 1738 976 βοι-

285 988 420 1040 σιλεῧ,
459 984 601 1041 ἐπειδὴ
621 984 673 1027 σύ
701 982 918 1040 θησαυρὸς
943 980 1102 1038 adrev,
1130 982 1204 1025 καί
1223 981 1250 1039 ἧ
1275 984 1429 1041 καρδία
1454 986 1529 1029 τοῦ
1553 983 1736 1041 μεγάλου

285 1050 531 1106 δομεστίκου
555 1050 697 1093 ἔσται.
732 1047 884 1092 τούτου
908 1050 955 1092 δὲ
977 1042 1097 1099 ὄντος
1117 1049 1313 1105 ἀληθοῦς,
1356 1050 1444 1092 τῶν
1469 1045 1608 1097 ἄλλων
1628 1050 1736 1094 πάν-

282 1135 368 1161 των
383 1117 615 1174 χρημάτων
641 1116 698 1166 ὥς
713 1115 895 1158 ούδενῶν
919 1113 1242 1172 καταφρονήσει.
1266 1117 1339 1157 καί
1355 1114 1489 1172 χωρὶς
1503 1117 1550 1160 δὲ
1573 1121 1789 1166 ‘cmm-15

281 1183 335 1237 νὶ,
360 1179 413 1226 ἂν
437 1180 676 1240 φειδόμενοι
695 1183 778 1224 τῶν
794 1180 1028 1237 χρημάτων
1044 1178 1338 1238 κινδυνεύσητε
1357 1179 1520 1238 περὶτὰ
1544 1183 1631 1242 ζῇν,
1661 1183 1738 1226 οὐκ

281 1244 472 1304 εὔδηλον,
500 1244 586 1302 ὅτι,
628 1245 846 1290 θανόντων
860 1246 982 1300 ὑμῶν
1003 1242 1186 1300 ἀτίμως,
1226 1249 1328 1303 παρ’
1356 1241 1498 1299 ἄλλοις
1531 1245 1652 1292 ἔσται
1679 1250 1738 1291 τοὶ

278 1312 505 1370 χρήματα,
543 1312 645 1363 ἴσως
681 1315 728 1356 δὲ
760 1312 834 1355 καί
865 1311 1216 1366 πολεμιωτάτοιςς
1267 1312 1466 1370 φείδεσθε
1509 1315 1736 1370 τοιγαροῦν

279 1381 387 1436 μήτε
414 1379 624 1433 σωμάτων
647 1378 752 1434 μήτε
776 1379 1032 1435 χρημάτων,
1076 1373 1201 1436 ἄχρις
1235 1372 1288 1420 ἂν
1319 1375 1389 1421 τὸν
1412 1380 1634 1435 κινηθέντα
1657 1379 1735 1422 πό-

279 1449 406 1499 λεμον
428 1439 456 1502 ᾖ
479 1449 689 1486 λυσιτελεῖ
708 1443 916 1499 διάθησθε
938 1443 1058 1497 ὑμῖν.
1572 1487 1575 1490 ,
1735 1465 1790 1494 20

238 1520 272 1554 D
400 1513 477 1554 23‘.
529 1510 623 1555 Ἓπί
645 1510 804 1561 τούτοις
834 1510 943 1566 αύτῇ
971 1508 1152 1566 χάριτας
1184 1506 1443 1566 ὅμολογῆσας
1472 1508 1496 1553 ὅ
1521 1508 1736 1566 βασιλεύς,

166 1585 208 1620 V.
225 1596 269 1632 7⁰
284 1576 464 1630 ἐξελθών
494 1574 738 1631 ἐβουλεύετο
768 1572 876 1630 μετὰ
901 1578 984 1616 τῶν
1006 1576 1053 1617 ἐν
1077 1577 1210 1629 τέλει,
1257 1575 1298 1617 εἰ
1323 1573 1408 1631 χρὴ
1431 1575 1635 1632 πρότερον
1663 1576 1738 1618 ἐπὶ

267 1646 422 1701 ’Ἀπρω
450 1645 522 1685 καί
540 1645 582 1685 Γ
580 1641 785 1697 αρὲλλαν,
827 1636 857 1696 ἢ
877 1638 1046 1697 ἒπίτὰς
1073 1637 1358 1698 ἀφεστηκυίας
1381 1639 1632 1700 ποῤῥωτέρω
1652 1642 1736 1684 τῶν

377 1743 434 1771 ιι.
458 1730 590 1767 Matth.
615 1731 648 1765 6.
673 1730 752 1765 ED.
767 1730 804 1764 P.

948 1798 959 1811 ,
1300 1811 1303 1813 ,

283 1824 392 1860 quam
423 1813 503 1858 ipsa
544 1813 723 1858 pecuniae
755 1811 971 1854 difficultas,
1006 1811 1137 1858 pungit
1160 1823 1201 1848 ac
1221 1810 1371 1849 vellicat
1403 1811 1566 1849 animum
1599 1821 1731 1857 meum,

281 1866 320 1895 te
346 1865 488 1894 tantum
512 1861 565 1893 rei
591 1860 814 1893 nummariae
841 1859 1071 1905 dispendium
1098 1871 1177 1893 mea
1205 1871 1312 1894 eausa
1335 1863 1490 1907 perpeti.
1539 1861 1633 1894 Huic
1651 1863 1733 1895 col-

281 1908 409 1954 loquio
437 1906 629 1941 Theodora
652 1906 916 1951 Palaeologina,
952 1907 1074 1951 magni
1102 1905 1292 1940 domestici
1319 1912 1445 1950 mater,
1477 1918 1648 1954 praesens
1671 1908 1731 1941 in—

280 1958 442 1994 tererat,
466 1964 560 2000 quae
586 1955 637 1986 sic
667 1963 747 1986 orsa
773 1959 849 1986 est:
889 1952 1068 1998 Equidem
1095 1963 1161 1997 ego
1185 1953 1320 1987 talibus
1346 1954 1385 1988 in
1410 1954 1518 1988 rebus
1545 1959 1731 1999 sumptum

282 1999 493 2046 impendere
520 2000 661 2032 nullum
686 1999 935 2044 dispendium,
951 1999 1061 2032 immo
1081 2010 1167 2033 vero
1192 2000 1354 2033 omnium
1379 2006 1592 2046 quaestuum
1617 2010 1730 2046 quae-

281 2048 545 2080 stuosissimum
570 2051 678 2092 atque
702 2045 1021 2090 prudentissimum
1046 2045 1185 2079 iudico.>
1229 2045 1267 2080 Si
1291 2047 1388 2080 enim
1410 2048 1567 2091 pretium
1590 2046 1732 2080 redem-

280 2094 394 2127 tionis
427 2094 565 2126 animae
600 2092 760 2126 hominis
798 2097 883 2125 sunt
909 2093 1024 2136 ipsius
1057 2091 1228 2133 divitiae,
1262 2093 1339 2127 sive
1363 2094 1444 2139 quis
1475 2105 1541 2140 pro
1572 2094 1729 2138 peccatis

282 2140 384 2180 suis,
417 2139 491 2172 sive
517 2151 582 2184 pro
616 2140 690 2172 vita
713 2150 776 2172 sua
812 2138 1001 2185 quippiam
1029 2140 1254 2183 erogaverit,
1289 2138 1390 2173 haud
1424 2141 1463 2175 in
1497 2139 1636 2173 damnis
1663 2139 1729 2172 illa

283 2186 465 2231 erogatio,
490 2185 554 2219 sed
578 2186 616 2219 in
642 2186 751 2218 lucris
779 2184 986 2236 deputtanda
1011 2190 1076 2218 est.
1125 2185 1272 2227 Adhoc,
1298 2197 1378 2219 cum
1404 2186 1550 2220 divinae
1574 2186 1731 2230 scriptu-

283 2244 345 2266 rae
372 2232 546 2272 doceant,
573 2231 637 2265 ubi
662 2230 849 2265 thesaurus
875 2237 992 2264 vester
1018 2233 1084 2272 sit,
1126 2232 1180 2265 ibi
1215 2243 1276 2266 cor
1302 2238 1461 2266 vestrum
1496 2243 1594 2273 esse,
1630 2231 1728 2277 apud

281 2284 321 2313 te
344 2280 560 2324 imperator,
598 2279 769 2357 {uoniam
794 2283 834 2311 tu
850 2276 1049 2333 ‘thesaurus
1073 2279 1192 2323 magni
1223 2279 1419 2333 domestici.
1438 2290 1495 2320 es,
1533 2279 1643 2333 etiam
1667 2289 1728 2313 cor

284 2326 362 2359 eius
387 2327 467 2363 erit.
515 2325 597 2369 Quo
649 2336 728 2358 cum
753 2330 804 2358 lta
830 2329 900 2365 sit,
935 2330 1090 2358 ceteram
1113 2336 1304 2369 pecuniam
1327 2331 1369 2359 ut
1393 2337 1468 2359 rem
1495 2325 1604 2359 nihili
1638 2335 1728 2358 con-

281 2376 429 2406 temnet.
479 2372 550 2406 Sed
573 2371 663 2405 haec
686 2371 879 2405 mittamus.
930 2371 968 2404 Si
993 2372 1148 2405 nummis
1174 2377 1360 2416 parcentes
1374 2397 1383 2413 ‚
1419 2373 1458 2405 in
1481 2372 1576 2406 vitae
1597 2371 1726 2405 discri-

280 2429 367 2452 men
391 2418 573 2459 incidatis,
598 2429 644 2450 an
667 2429 741 2450 non
765 2418 899 2451 clarum
925 2423 999 2459 est,
1038 2418 1138 2451 vobis
1163 2429 1243 2451 cum
1268 2417 1446 2452 dedecore
1468 2418 1632 2458 mortuis,
1657 2427 1727 2451 ve·-

283 2469 374 2498 stras
398 2464 445 2497 ad
476 2465 565 2498 alios
592 2470 628 2498 et
652 2464 805 2498 forsitan
834 2464 880 2498 ad
905 2463 1175 2498 inimicissimos
1201 2465 1413 2498 translatum
1449 2465 1495 2498 iri
1521 2462 1726 2509 pecunias?

281 2510 441 2545 Proinde
464 2523 511 2545 ne
543 2511 601 2546 vel
625 2511 859 2555 corporibus,
891 2511 949 2544 vel
983 2512 1160 2555 pecuniae
1196 2511 1396 2555 parcitote,
1433 2509 1555 2557 quoad
1585 2510 1725 2544 bellum

281 2555 354 2591 hoc
378 2556 426 2591 ad
448 2558 731 2592 emolumentum
752 2563 909 2591 vestrum
935 2556 1296 2590 accommodaveritis.

375 2614 430 2649 29.
480 2603 614 2638 Gratiis
636 2609 819 2638 matronae
848 2604 950 2644 actis,
976 2603 1157 2648 egreditur
1181 2604 1386 2648 imperator,
1415 2609 1454 2637 et
1477 2613 1557 2637 cum
1582 2604 1723 2648 primo-

283 2649 383 2684 ribus
409 2651 449 2684 in
477 2649 667 2684 consilium
691 2651 817 2691 venit,
840 2650 987 2695 priusne
1016 2648 1049 2682 A'
1072 2661 1128 2683 ros
1164 2655 1202 2684 et
1233 2649 1426 2692 Garellam,
1451 2662 1498 2684 an
1526 2650 1724 2684 exercitum

283 2696 328 2730 ad
354 2697 545 2732 uitet-iores
569 2698 731 2731 civitates
757 2696 968 2731 desertrices
987 2696 1032 2730 ad
1060 2702 1162 2731 ucat:
1189 2695 1287 2743 quod
1309 2695 1380 2730 hae
1395 2697 1515 2731 minus
1534 2702 1723 2738 nocerent,
