1820 3164
316 69 429 137 542
848 82 1216 128 CANTAcanm

121 195 212 235 A.C.
230 191 393 244 ι34ιμὲν
417 187 496 243 γάρ
528 182 832 240 Θεσσαλονίκην
863 180 979 227 οὔπω
1007 184 1209 242 πρότερον
1237 181 1284 229 ὃν
1309 184 1355 229 τὸ
1384 185 1743 243 Γυναικόκαπρον

284 249 724 310 Οπροσαγορευόμενον
762 249 962 304 ἐτείχισε,
1018 248 1090 292 καὶ
1126 247 1283 306 πύργον
1316 250 1544 306 ἐπιστήσας
1575 242 1744 307 periri-982

316 323 359 361 ’τε
384 318 573 371 μέγιστον
613 316 684 357 καί
720 314 1030 371 καρτερώτατον
1057 312 1270 368 ἀντισχεῖν
1296 313 1401 372 πρὸς
1427 314 1637 369 πολεμίων
1660 333 1744 372 μη-

311 381 470 437 χανάς·
526 376 621 422 ὅθεν
650 378 774 434 ἔλαχε
802 381 873 422 καί
897 379 971 435 την
998 378 1297 436 προσηγορίαν,
1325 379 1383 429 ὥς
1409 383 1482 423 καί
1505 382 1744 435 γυναικείας

317 443 445 502 οὔσης
473 446 683 503 φρουρᾶς,
727 444 918 502 κρείττων
947 444 1137 498 ἐσόμενος
1166 443 1362 491 παντοίοις
1387 448 1593 500 πολεμίων
1619 447 1772 503 προσ-5

314 513 450 567 βολῆς.
506 510 576 552 καὶ
601 512 698 566 περί
725 509 866 565 Φερὰς
894 512 1031 565 ἕτερον
1058 509 1411 566 Σιδηρόκαστρον,
1440 511 1512 553 καὶ
1532 509 1640 559 αὐτὸ
1673 509 1743 553 διὰ

312 578 397 619 τῶν
424 578 572 630 τειχῶν
598 574 646 617 τὸ
675 571 850 630 εὖπαγὲς
876 574 948 617 καὶ
972 573 1065 617 λιάν
1092 570 1248 629 ὀχυρὸν
1275 574 1594 628 ῶνομασμένον..,
1628 575 1745 629 ’.Αμ-

314 644 480 699 φίπολιν
501 643 546 684 δὲ
572 640 648 697 τὴν
673 643 717 683 ἐν
736 637 945 698 Στρυμόνι
971 639 1096 683 πόλιν
1108 637 1324 695 Ἑλληνίδα
1351 639 1550 695 παλαιὰν,
1568 641 1621 691 ἐκ*
1636 645 1744 684 πολ·

313 709 397 751 λῶν
423 708 527 749 ε’τῶν
554 707 887 760 κατεσκαμμένην
908 699 1035 754 αὖθις
1053 705 1252 758 ἐτείχισεν
1277 703 1299 746 ὅ
1326 704 1524 759 βασιλεῦς
1548 704 1624 749 καὶ
1643 721 1744 748 συν-

314 771 459 830 ῴκισεν
497 774 542 814 ἐκ
578 773 659 814 τῶν
686 771 804 827 πέριξ
831 767 990 811 πόλεων
1017 770 1188 823 πέμψας
1213 769 1427 820 α’ποικίας.
1481 769 1534 812 οὗ
1555 769 1649 826 μὴνΧ
1666 766 1796 818 ‹il-10

316 837 371 880 λὰ
409 837 482 880 καί
507 835 603 893 περὶ
629 837 794 894 Θρᾴκην
831 833 1031 890 παράλιον
1068 833 1216 891 ἑτέραν
1253 835 1743 892 πόλινάατεσκοιμμένην

273 905 385 945 1)καί
413 899 568 958 αὐτὴν,
611 895 661 956 ἧς
688 915 816 957 φασιν
858 899 1142 942 Ἀναστάσιον
1175 902 1351 954 βασιλέα
1391 897 1621 954 Ῥωμαίων
1642 901 1744 943 οἰκι-

311 966 416 1024 στὴν
444 969 516 1010 καί
541 969 585 1018 ἐξ
612 967 768 1008 ἐκείνου
811 966 1239 1021 προσαγορευομένην,
1279 965 1500 1022 ἀνέστησεν
1527 962 1656 1015 αὖθις
1692 962 1742 1008 οὖ

311 1035 478 1085 πᾶσαν,
507 1031 597 1073 ἀλλ’
623 1027 718 1073 ὅσον
741 1027 921 1083 μάλιστα
948 1032 1045 1086 ἐνῆν
1072 1028 1316 1085 ἀπολαβών,
1350 1033 1424 1074 καὶ
1453 1028 1746 1088 Περιθειόριον

311 1097 657 1155 προσηγόρευσεν.
711 1097 854 1151 ἕτερον
886 1096 931 1137 δὲ
960 1094 1165 1152 φρούριον
1193 1095 1400 1150 ἐδεᾴιατο,
1426 1096 1477 1139 οὖ
1504 1093 1609 1139 πολῦ
1635 1095 1796 1153 (irps-15

312 1161 461 1218 στηκὸς
490 1159 717 1216 θαλάσσης,
762 1159 1005 1214 Διπόταμον
1045 1161 1406 1217 προσαγορευθέν.
1458 1159 1489 1204 ἃ
1526 1159 1577 1219 δὴ
1602 1160 1740 1204 ’πάντα

313 1227 365 1269 οὗ
392 1229 553 1281 μᾶλλον
581 1226 816 1283 φιλοτιμίας
844 1221 872 1280 ἢ
900 1225 1130 1282 ἀσφαλείας
1157 1227 1241 1268 τῶν
1266 1229 1435 1281 χωρίων
1451 1227 1584 1280 ἕνεκα,
1610 1227 1657 1269 ἐν
1682 1223 1745 1277 οἷς

312 1291 576 1347 ἐκτίσθησαν,
607 1290 808 1344 ἐτείχισεν
837 1290 858 1332 ὃ
887 1291 1093 1344 βασιλεύς.
1127 1286 1469 1346 Ἀρκαδιούπολιν
1496 1293 1543 1334 δὲ
1570 1289 1641 1333 διὰ
1669 1289 1745 1341 τοὶς

312 1358 364 1398 ἐκ
391 1358 475 1397 τῶν
503 1357 678 1397 Σκυθῶν
705 1353 882 1411 ἐφόδους
909 1353 1136 1409 ἀναγκαίαν
1164 1351 1319 1409 οὖσαν,
1348 1351 1668 1411 ἀνοικοδομῆσαι
1694 1352 1746 1411 ἦ·
1787 1387 1799 1399 .

312 1423 501 1476 βουλήθη
543 1421 773 1469 πολυτελῶς
809 1419 881 1461 καί
907 1417 1120 1474 οἰκήτορας
1149 1422 1196 1461 ἐκ
1222 1421 1304 1460 τῶν
1331 1422 1546 1476 ἐπιφανῶν
1572 1423 1795 1476 &unffi—20

310 1486 486 1541 δρύσαι,
530 1482 759 1537 εὐδαίμονά
797 1500 842 1526 τε
880 1485 951 1526 καὶ
992 1479 1138 1537 ὀλβίαν
1168 1480 1388 1534 ἀποδεῖξαι
1430 1486 1606 1528 καὶτῶν
1633 1486 1737 1529 κατὰ

310 1549 383 1606 τὴν
414 1551 579 1607 Θρᾴκην
607 1544 744 1591 ἄλλων
769 1548 927 1591 πόλεων
957 1549 1243 1604 ὑπερέχουσαν
1270 1550 1408 1607 πολλῷ
1431 1547 1538 1604 μετὰ
1565 1548 1640 1606 τὴν
1664 1566 1741 1604 μει-

306 1615 438 1672 γοὶλην
465 1613 597 1657 πόλιν.

402 1740 436 1775 8.
458 1735 684 1784 Στρυμμόνι
707 1736 909 1782 legebatur.
957 1735 1070 1781 Supra
1093 1747 1129 1782 p.
1153 1738 1234 1781 267,
1266 1737 1318 1772 16.
1343 1740 1438 1771 recte
1461 1736 1693 1784 Στρυμόνος.

306 1838 485 1873 <lamentis
518 1837 838 1881 Gynaecocastrum
876 1835 1095 1881 appellatum
1142 1836 1366 1878 construxit,
1391 1841 1430 1871 et
1451 1837 1577 1872 turrim
1601 1839 1740 1885 magni-

306 1885 437 1918 tudine
471 1886 623 1917 maxima
647 1889 756 1929 atque
779 1882 824 1915 ad
848 1881 1005 1916 hostium
1024 1881 1206 1916 machinas
1230 1883 1460 1927 excipiendas
1484 1884 1739 1919 validissimam

306 1932 499 1976 imposuit:
522 1930 619 1963 unde
643 1935 679 1963 et
702 1940 833 1962 nomen
851 1929 976 1963 sortita
1000 1935 1073 1969 est,
1099 1929 1186 1975 quia
1211 1930 1369 1975 quamvis
1383 1941 1402 1962 a
1422 1929 1589 1964 foeminis
1609 1930 1738 1966 desen.-

304 1989 370 2019 8-a‚
403 1978 562 2023 quemvis
598 1975 756 2010 hostium
785 1976 958 2019 impetum
985 1976 1126 2009 elusura
1151 1977 1208 2009 sit.
1267 1977 1368 2009 quta
1395 1974 1524 2010 Pheras
1551 1977 1738 2012 Sideroca—

309 2030 420 2058 strum
446 2023 635 2063 excitavit,
668 2026 706 2055 et
730 2022 848 2066 ipsum
872 2021 916 2054 ab
941 2033 1121 2055 murorum
1145 2020 1361 2056 soliditatem
1386 2023 1560 2068 egregiam
1586 2025 1637 2058 sic
1667 2036 1737 2059 no-

307 2071 495 2104 minatum.
543 2067 785 2113 Amphipolim
810 2071 929 2100 autem
954 2067 1000 2101 ad
1029 2068 1250 2111 Strymonem
1273 2068 1443 2110 fluvium,
1475 2068 1599 2103 urbem
1624 2069 1737 2104 Grae-

298 2128 388 2150 ,cam
413 2122 450 2150 et
471 2120 665 2155 vetustam,
695 2114 818 2147 multis
840 2113 972 2147 abhinc
996 2115 1099 2147 annis
1125 2113 1279 2148 dirutam
1303 2115 1514 2149 instauravit
1544 2121 1582 2150 et
1606 2127 1650 2149 ex
1675 2129 1736 2150 ur-

306 2162 418 2196 bibus
447 2161 612 2195 finitimis
639 2160 818 2194 coloniam
842 2171 883 2193 eo
910 2160 1071 2194 deduxit.
1119 2160 1218 2206 Quin
1243 2166 1279 2194 et
1301 2162 1407 2195 aliam
1433 2161 1604 2197 Thraciae
1628 2163 1737 2197 mari—

298 2210 433 2246 timam
463 2208 590 2241 urbem
624 2207 669 2240 ab
696 2207 881 2240 Anastasio
919 2206 1153 2251 imperatore,
1187 2212 1227 2240 ut
1259 2207 1353 2240 fama
1385 2210 1456 2248 est,
1495 2209 1674 2243 conditam
1697 2215 1734 2243 et

306 2254 353 2288 ab
378 2266 420 2288 eo
444 2254 595 2293 dictam,
619 2258 695 2285 tum
720 2258 837 2285 autem
856 2252 1072 2286 destructam
1097 2253 1280 2294 restituit,
1299 2265 1372 2288 non
1396 2257 1505 2287 totam
1527 2255 1627 2290 illam
1651 2256 1733 2302 qui-

306 2300 412 2342 dem,
439 2300 502 2334 sed
526 2305 699 2344 quantum
722 2298 857 2343 potuit,
882 2299 1069 2332 moenibus
1094 2300 1310 2344 complexus,
1331 2305 1367 2334 et
1389 2299 1647 2335 Peritheorium
1673 2303 1733 2335 izi-.-

306 2346 480 2392 digitavit.
527 2347 710 2379 Praeterea
733 2344 830 2378 haud
853 2346 979 2390 procul
1002 2357 1021 2378 a
1044 2346 1134 2378 mari
1171 2347 1351 2380 castellum
1374 2347 1604 2391 Dipotamum
1629 2348 1732 2382 aedi-

303 2394 438 2430 ficavit.
496 2392 614 2438 Atque
641 2391 727 2424 haec
755 2392 874 2424 omnia
901 2404 974 2426 non
999 2392 1133 2436 gloriae
1170 2403 1274 2426 causa
1301 2393 1422 2438 magis,
1447 2405 1554 2440 quam
1575 2399 1618 2429 ut
1639 2395 1731 2435 loca,

303 2440 345 2473 in
365 2439 497 2485 quibus
530 2449 572 2472 ea
603 2437 856 2477 construebat,
892 2449 1015 2471 secura
1048 2449 1088 2471 ac
1125 2443 1203 2472 tuta
1239 2437 1415 2473 redderet.
1463 2439 1730 2485 Arcadiopolim
1786 2476 1789 2478 ,

301 2497 388 2519 -vero
405 2510 414 2526 ,
438 2485 649 2528 Scytharum
672 2485 937 2517 incursionibus
967 2483 1203 2527 prohibendis
1238 2486 1473 2519 necessariam
1488 2510 1498 2526 ,
1535 2486 1730 2520 maini-ibus

302 2531 499 2576 impendiis
522 2532 739 2570 instaurare,
763 2535 798 2562 et
821 2529 1006 2564 nobilibus
1034 2530 1160 2564 incolis
1185 2529 1319 2563 ibidem
1343 2530 1548 2574 collocatis,
1589 2532 1731 2567 felicem

302 2589 345 2612 ac
367 2578 508 2612 beatam
533 2582 569 2610 et
592 2577 686 2610 inter
703 2577 865 2609 civitates
881 2576 1053 2610 Thraciae
1074 2576 1268 2610 secundum
1291 2587 1453 2623 magnam
1480 2579 1583 2613 illam
1605 2579 1730 2614 urbem

303 2625 411 2671 longe
435 2624 635 2669 principem
659 2622 794 2656 efficere
820 2622 946 2661 voluit.
1561 2634 1563 2636 ’
