1832 3138
309 90 378 146 82‘
832 97 1207 143 CANTAcUzEm

118 211 198 248 ΔΕ.
214 211 295 251 1321
313 207 400 264 γμα
434 203 637 263 φανεροὺς
673 201 878 259 ἠνάγκασε
914 204 1105 257 γενέσθαι
1136 199 1235 250 τούς
1278 198 1600 255 προσκειμένους
1629 196 1738 252 ἐμοὶ,

309 275 382 316 καί
409 270 535 319 αὐτὸς
567 271 615 312 δὲ
642 269 722 324 ἐγώ
753 264 859 310 εἶναι
879 266 1079 322 ὁμολογῶ·
1122 264 1255 320 πλὴν,
1296 259 1396 319 ὅπερ
1425 261 1498 305 καὶ
1515 263 1598 306 τότ’
1618 261 1750 319 ἔφην,-·

310 333 386 378 οὗκ
410 332 641 391 ὄφειλοντες
667 334 822 389 χάριν,
863 332 969 375 ἀλλὰ
1001 330 1353 387 προκατάρχοντες
1379 330 1536 382 μᾶλλον
1561 325 1738 385 χάριτός

307 403 428 443 εἰσιν.
455 398 520 441 διὸ
544 399 595 455 δὴ
617 400 689 442 καί
712 399 913 452 ἀντιβολῶ
932 396 1011 454 τὴν,
1030 394 1106 452 σὴν
1127 393 1371 451 ἧμερὰτητα,
1385 394 1582 448 βασιλεῢ,,
1598 390 1738 450 ὅρκοις

308 465 409 518 ἐμοί
431 479 477 506 τε
510 466 584 507 καί
617 459 757 513 αὐτοῖς
795 461 1089 504 πιστώσασθαι
1140 457 1187 502 τὸ
1227 460 1405 509 ἀπαθεῖς
1440 459 1576 500 κακῶν
1610 459 1764 515 μέχριὸ

309 528 468 579 παντὸς
490 530 804 586 διατηρηθῆναι.
834 525 944 569 οὕτω
970 525 1047 583 γάρ
1074 527 1175 579 ἐμοί
1193 541 1237 566 τε
1261 522 1334 566 καὶ,
1353 521 1497 573 αὐτοῖς
1519 523 1741 580 θαρῥὴσα-

308 610 378 637 σιν
423 590 596 651 οἷφόβως
625 609 670 635 τε
702 595 822 647 βιοῦν
853 591 925 634 καί
956 594 1013 650 τῷ
1045 592 1104 648 σῷ
1144 589 1287 646 κράτει
1320 589 1495 645 χάριτας
1526 587 1739 643 ὁμολογεῖν

199 666 234 700 P.
257 658 470 710 54πολλὰς
495 661 750 715 περιέσται.·”
815 659 996 701 Τοιαῦτα
1017 659 1094 710 μὲν
1122 654 1143 697 ὅ
1167 658 1255 704 νέος
1273 652 1470 709 βασιλεὺς
1495 651 1600 710 πρὸς
1621 658 1740 708 207⁰-

307 727 437 781 θέτην
471 725 658 780 διεξῆλθε
682 723 752 766 τὸν
779 725 934 778 μέγαν,
975 722 1033 771 ιὸς
1069 721 1376 776 ἀπαγγελοῦντα
1399 722 1456 778 τῷ
1481 718 1634 776 πάππῳ
1667 716 1741 760 καί

305 793 492 844 βασιλεῖ,
517 789 788 846 συνάρασθαι
811 787 885 830 καί
905 783 1032 829 αὐτὸν
1057 787 1240 838 ἀξιώσας
1259 784 1363 842 πρὸς
1386 787 1533 839 τοῦτο,
1571 783 1645 827 καὶ
1663 782 1795 839 τῆνῐσ

303 857 385 897 τῶν
403 851 536 911 ὅρκων
563 853 821 910 ἐκπλήρωσιν
850 851 1090 895 ὑποθέσθαι
1111 854 1171 909 τῷ
1197 856 1372 906 βασιλεῖ,
1402 851 1460 901 ὥς
1487 851 1653 894 πολλῶν
1678 851 1734 897 ἆ-

301 921 445 973 γαθῶν
484 920 530 962 ἐκ
565 917 713 962 τούτου
742 920 1078 973 συμβησομένων.
1114 916 1135 958 ὃ
1172 919 1212 958 δ’
1231 913 1364 966 ε’ὖθύς
1402 914 1594 971 ,,ἒ’γωγε”
1621 912 1748 958 «εἶπεν

301 982 493 1041 ,,ᾠήθην,
522 979 560 1025 αἶ
584 984 760 1038 βασιλεῦ
768 1017 781 1036 ,
807 982 883 1038 τὴν
909 981 1015 1038 ἐμὴν
1039 981 1152 1038 παρὰ
1175 983 1254 1024 σοῦ’
1283 984 1426 1037 κλῆσιν
1452 980 1555 1039 πρός
1584 998 1627 1023 τι
1660 983 1738 1038 φέ-

303 1067 392 1106 ρειν
422 1050 505 1090 τῶν
526 1048 711 1102 ἀγαθῶν.
737 1047 925 1101 ἐνόμιζον
947 1046 1027 1104 γὰρ
1044 1081 1057 1101 ,
1079 1045 1136 1097 ὥς
1159 1045 1502 1097 ὑποπεπτωκότας
1524 1046 1640 1097 τινὰς
1667 1046 1741 1089 καὶ

303 1111 629 1170 θεραπευτικούς
663 1112 806 1167 λόγους
839 1114 894 1153 δι’
929 1114 1035 1166 ἐμοῦ
1067 1112 1263 1168 μηνύσεις
1293 1114 1351 1169 τῷ
1384 1116 1572 1166 βασιλεῖ’,
1609 1113 1654 1164 ἐξ
1678 1106 1799 1156 ὧνιᾶ

190 1177 292 1223 ν’44
306 1179 573 1234 ῆμερωτέραν
608 1173 819 1234 ἀπεργάσῃ
854 1175 927 1218 καί
949 1183 1127 1231 πραεῖαν
1158 1177 1287 1218 αὐτοῦ
1317 1176 1395 1232 την
1418 1175 1578 1232 ψυχὴν.
1624 1174 1670 1219 τὸ
1698 1177 1737 1218 δ’

304 1243 501 1292 ἐναντίως
533 1240 623 1296 ἔχει
661 1237 867 1296 μᾶλλονῆ
902 1239 1029 1291 αὖτὸς
1062 1241 1332 1299 προσεδόκων.
1374 1239 1472 1285 ὅθεν
1496 1242 1588 1284 οὐδ’
1609 1238 1737 1291 αὖτός

308 1304 473 1364 ἅγγελος
506 1304 614 1350 εἶναι
640 1307 897 1361 βουλήσομαι
930 1306 1152 1361 τοιούτων,
1201 1308 1292 1349 οὐδ’
1322 1308 1381 1358 εἷς
1416 1305 1554 1365 ὄργὴν
1582 1308 1737 1362 ἐξάψαι

269 1379 296 1412 Β
304 1377 458 1428 μᾶλλον
486 1371 556 1415 διὰ
578 1371 737 1417 τούτων
761 1370 858 1421 τοὺς
877 1374 960 1415 τῶν
981 1374 1185 1427 βασιλέως
1204 1372 1385 1426 θυμούς.
1414 1374 1514 1416 οὐδὲ
1538 1373 1619 1430 γὰρ
1644 1373 1738 1415 οὔδ’

304 1440 410 1495 οἷκοῇ
439 1436 754 1494 παρειλήφαμεν
779 1432 881 1493 ἄχρι
908 1438 979 1479 καί
1001 1440 1075 1480 νῦν
1097 1436 1193 1488 τούς
1221 1436 1422 1489 δεσπότας
1454 1436 1630 1493 ὀμνύναι
1648 1445 1792 1488 τοῖςαό

304 1506 488 1557 δουλοῖς,
514 1501 752 1545 τούναντίον
783 1503 830 1544 δὲ
851 1505 1023 1556 μᾶλλον·
1049 1498 1077 1558 ἢ
1106 1504 1146 1545 εἰ
1167 1505 1288 1545 τοῦτο
1312 1505 1494 1558 γένοιτο,
1533 1505 1604 1547 καί
1624 1503 1646 1547 ὅ
1669 1506 1736 1545 δε-

302 1567 457 1624 σπότης
479 1565 653 1624 ὀφλήσει
684 1573 769 1617 τοῖς
794 1567 991 1623 ὑπηκόοις
999 1603 1012 1622 ,
1054 1565 1149 1626 ὅπερ
1179 1565 1384 1626 ὄφλουσιν
1407 1569 1530 1612 αὐτοὶ
1553 1576 1638 1620 τοῖς
1668 1570 1736 1612 δε-

303 1634 490 1686 σπόταις,
519 1629 618 1689 ὅπερ
647 1631 926 1682 οἷτοπίαςοῦκ
948 1630 999 1675 ἂν
1018 1631 1080 1689 εἴη
1102 1634 1280 1691 μακρὰν.
1308 1634 1387 1689 ἐγώ
1414 1636 1461 1677 δὲ
1481 1633 1554 1677 καί
1572 1633 1724 1693 ἀπορίᾳ

304 1698 418 1754 δεινῇ
436 1698 687 1752 συνέχομαι,
725 1692 778 1739 ἂν
798 1696 820 1739 ὃ
840 1696 1037 1751 βασιλεὺς
1067 1697 1237 1754 ἔρηται,
1274 1695 1529 1751 ὅτουγχάριν
1554 1697 1655 1752 πρός
1688 1714 1735 1740 σε

304 1758 498 1818 ἀφῖγμαι,
523 1762 615 1803 τίνα
643 1758 693 1802 ἂν
718 1759 943 1812 ἀπολογίαν
968 1762 1236 1814 εὐπρόσωπον
1253 1758 1462 1816 ιῖποδοίην.
1502 1759 1609 1817 πρὸς
1627 1762 1786 1808 ἐκεῖ-35

305 1885 378 1908 non
403 1872 492 1906 mihi
517 1872 663 1917 gratiam
687 1870 871 1914 referunt3
897 1870 960 1904 sed
984 1872 1104 1915 potius
1129 1872 1238 1917 gratia
1261 1882 1318 1906 me
1341 1876 1581 1907 antevertunt.
1624 1873 1732 1920 'Quo-

304 1923 397 1954 circa
422 1924 505 1953 tuae
530 1917 796 1953 mansuetudini
819 1918 970 1963 supplex
992 1919 1060 1959 fio,
1091 1920 1198 1952 nobis
1225 1919 1456 1952 iureiurando
1481 1919 1588 1953 fidem
1611 1919 1732 1961 facias,

303 1978 379 2000 non
402 1965 440 1999 id
464 1965 536 1998 iuis
562 1975 720 2010 unquam
753 1963 871 1996 fraudi
902 1963 1071 1997 futurum.
1126 1964 1185 1997 Sic
1219 1975 1373 2010 namque
1405 1965 1496 1998 mihi
1530 1965 1731 2012 iisdemque

304 2011 514 2051 fidentibus,
534 2016 649 2044 metus
667 2015 829 2053 expertes
848 2009 979 2050 vivere,
1009 2016 1164 2056 tuaeque
1186 2011 1361 2044 maiestati
1376 2012 1610 2055 amplissimas
1627 2023 1731 2058 agere

305 2059 433 2103 gratias
458 2057 618 2092 licebit.'’
650 2057 747 2089 Haec
772 2056 819 2089 ad
841 2065 1006 2101 magnum
1029 2056 1247 2101 logothetam
1271 2068 1397 2102 nepos,
1424 2062 1466 2090 ut
1486 2069 1550 2092 avo
1575 2059 1730 2104 impera—

304 2104 376 2137 tori
393 2115 434 2137 ea
457 2104 720 2147 expositurum,
744 2106 781 2135 et
804 2102 874 2134 sibi
898 2112 1043 2147 quoque
1067 2103 1106 2136 in
1130 2114 1170 2135 ea
1192 2115 1232 2136 re
1256 2113 1399 2148 operam
1423 2103 1608 2145 daturum,
1634 2105 1732 2151 quod

305 2149 492 2194 cupiebat,
517 2158 669 2194 eumque
696 2148 741 2181 de
765 2148 963 2181 iuramento
992 2149 1250 2192 concipiendo,
1274 2155 1316 2183 ut
1339 2149 1504 2193 pluribus
1529 2150 1616 2185 inde
1634 2162 1732 2185 com-

303 2195 538 2229 moditatibus
561 2195 819 2239 promanaturis
834 2218 846 2234 ,
865 2193 1131 2228 admoniturum
1153 2195 1334 2230 videlicet.
1390 2195 1588 2241 Logotheta
1611 2199 1731 2232 conti-

303 2253 400 2275 nuo:
432 2242 528 2285 „Ego
541 2251 597 2273 me
617 2240 704 2274 boni
717 2241 867 2274 alicuius
884 2252 973 2286 ‘ergo
998 2241 1043 2274 ad
1066 2246 1102 2274 te
1124 2247 1287 2275 vocatum
1306 2242 1579 2287 interpretabar,
1602 2252 1733 2290 nempe

304 2293 347 2321 ut
369 2298 433 2321 avo
450 2288 709 2320 subiectionem
728 2292 827 2320 tuam
844 2287 1060 2333 plenamque
1081 2287 1248 2334 obsequii
1265 2289 1486 2322 voluntatem
1501 2294 1564 2323 tuo
1583 2292 1731 2324 nomine

306 2334 520 2367 indicarem:
561 2345 632 2377 quo
664 2338 767 2377 pacto
798 2344 879 2365 eum
906 2333 1141 2378 placidiorem
1175 2335 1246 2367 tibi
1277 2330 1534 2381 mitioremque
1556 2336 1731 2372 efficeres.

309 2380 420 2425 Atqui
450 2389 507 2411 me
535 2379 668 2412 fefellit
689 2380 885 2424 augurium,
910 2385 947 2412 et
971 2381 1187 2413 contrarium
1223 2381 1354 2417 evenit.
1402 2381 1632 2426 Quapropter
1663 2394 1732 2417 nee

307 2427 475 2459 nuntiare
494 2424 591 2465 haec,
616 2436 682 2458 nec
705 2427 781 2458 eius
803 2426 958 2458 animum
979 2425 1111 2459 talibus
1132 2427 1249 2460 verbis
1268 2427 1475 2460 exacerbare
1489 2428 1590 2471 volo;
1615 2440 1732 2474 quan-

306 2472 352 2505 do
377 2482 490 2526 usque
512 2471 622 2504 hodie
645 2471 848 2504 inauditum
874 2476 948 2512 est,
974 2471 1136 2505 dominos
1162 2474 1279 2506 iurare
1305 2474 1425 2507 servis.
1472 2473 1580 2518 Quod
1601 2476 1631 2508 si
1653 2476 1731 2518 fiat,

306 2518 445 2551 domim
466 2516 797 2550 condemnabuntur
815 2519 937 2557 servis,
963 2518 1259 2562 quemadmodum
1278 2520 1334 2552 illi
1352 2519 1527 2563 dominis3
1551 2520 1649 2565 quod
1666 2522 1727 2555 in-

306 2565 423 2597 solens
441 2569 477 2596 et
495 2562 685 2596 absurdum
704 2569 766 2596 est.
813 2564 885 2608 Ego
907 2575 990 2597 vero
1010 2575 1138 2608 anceps
1159 2564 1288 2599 haereo
1312 2565 1512 2611 dubitoque
1536 2566 1731 2601 vehemen—

304 2615 383 2650 ter,
407 2609 437 2643 si
458 2610 653 2654 quaesierit
674 2610 890 2653 imperator,
924 2621 986 2642 cur
1008 2610 1052 2643 ad
1071 2616 1106 2643 te
1131 2612 1235 2645 ierim
1249 2637 1259 2652 ,
1289 2611 1378 2657 quid
1403 2610 1554 2646 honeste
1578 2624 1727 2658 respon-

306 2655 419 2690 deam.
474 2654 558 2689 -Sed
583 2665 722 2690 oausam
750 2655 905 2702 aliquam
935 2656 1172 2701 profectionis
1203 2656 1249 2692 ad
1277 2663 1315 2693 te
1337 2668 1439 2693 mene
1462 2659 1707 2694 comminiscar
1717 2673 1731 2694 zv
