1820 3164
267 103 378 169 468
788 113 1155 157 CANTACUZENI
1186 75 1189 76 ⁷

79 221 346 270 Α.Ο.ι331τας
374 216 560 268 ἀτάκτως
590 218 648 266 εἰς
679 214 997 270 Ῥωσόκαστρον
1029 215 1177 257 ἐλθεῖν.
1224 213 1322 271 περὶ
1349 216 1394 259 δὲ
1425 213 1688 272 μεσημβρίαν

268 286 344 340 τῆς
372 284 497 338 αὐτῆς
527 282 683 337 ἡμέρας
717 276 987 334 Ἀλέξανδρος
1009 279 1033 320 ὅ
1059 279 1140 321 τῶν
1169 282 1334 323 Μυσῶν
1370 278 1568 334 βασιλεῦς
1596 281 1690 322 τῶν
1746 310 1751 315 -

270 349 369 404 παρ’
391 343 502 404 αὐτῷ
523 346 735 402 ἐπιφανῶν
763 343 836 386 τὸν
870 342 1032 399 Ἰβοίνην
1056 345 1223 398 πέμψας
1250 342 1350 400 πρὸς
1383 346 1559 399 βασιλέα
1588 359 1688 400 πρε-

221 418 254 452 D
270 409 459 467 σβευτήν,
491 407 607 467 ἦξίου
634 407 708 459 τὰς
732 411 1000 465 γεγενημένας
1025 410 1075 466 τῇ
1104 408 1328 468 προτεραίᾳ
1351 407 1563 465 συνθήκας
1586 407 1690 452 &225-

269 493 367 526 τους
400 476 559 530 μένειν,
604 478 677 518 καί
711 476 894 524 πλειόνος
927 476 1044 516 ἕνεκα
1083 472 1224 531 φιλίας
1258 475 1330 516 καί
1354 473 1584 531 ἀσφαλείας
1618 474 1717 528 τῆς5
1757 511 1759 514 ⁴

269 539 376 598 πρὸς
408 539 485 591 τὰς
523 538 701 589 σπονδὰς
731 538 804 595 τήν
832 541 1047 595 θυγατέρα
1078 537 1151 595 τὴν
1180 539 1312 581 αὐτοῦ
1345 541 1404 598 τῷ
1431 539 1509 597 υἱῷ
1532 537 1690 583 ἐκείνου

270 607 571 661 κατεγγυῆσαι.
628 602 824 659 βασιλευς
853 605 900 646 δὲ
935 602 982 646 τὸ
1011 606 1089 656 μὲν
1115 604 1358 659 τελεσθῆναι
1376 601 1452 654 τὰς
1478 605 1697 658 γεγενημέ-4

272 687 348 720 νας
373 670 576 724 σπονδὰς,
613 672 685 712 καί
718 666 833 728 αὐτῷ
865 665 970 711 εἶναι
995 666 1241 724 ἀπεκρίνατο
1267 669 1372 710 κατὰ
1395 666 1586 724 γνώμην,·
1603 666 1696 710 ἐπεὶ

271 734 348 779 καί
383 734 585 792 πρότερον
633 735 684 776 οὔ
707 733 811 790 πρὸς
837 733 1013 789 ἀνάγκην
1023 766 1036 787 ,
1073 730 1177 776 ἀλλὰ
1205 732 1276 776 διὰ
1306 732 1352 776 τό
1383 735 1604 776 λυσιτελεῖν
1625 747 1695 775 νο-

222 818 228 825 ’
270 801 408 855 μίζειν
426 798 502 856 τήν
528 798 691 857 εἰρήνην
712 801 981 855 γεγενῆσθαι·
1036 797 1111 855 τήν
1139 800 1184 840 δὲ
1208 799 1446 854 συγγένειαν
1465 795 1526 854 μὴ
1550 797 1753 852 βουλε-ια

274 869 402 908 σθαι·
431 863 555 916 ’δόξαι
576 864 654 921 γὰρ
682 860 731 907 ἂν
753 865 854 907 πᾶσι
871 865 936 905 ’δι’
961 863 1141 919 ἀνάγκην
1166 859 1193 919 ἢ
1220 862 1351 920 φόβον
1373 864 1542 906 τοιαῦτα
1565 859 1702 918 πράτ·

274 945 360 972 τειν
387 925 454 973 οἷα
490 928 541 985 δή
572 932 826 984 νενικημένον
856 927 937 970 ὑπὸ
969 931 1068 971 σοῦ·
1121 930 1256 970 καίτοι
1292 925 1339 970 ‘co'
1377 928 1456 981 μὲν
1489 926 1699 983 τραπῆναι

276 994 532 1050 συμβέβηκεν
556 995 655 1050 ἡμῖν
677 993 819 1048 μόνοις
842 992 923 1036 ὑπὸ
948 991 1145 1036 πλειόνων
1169 996 1419 1048 βιασθεῖσιν.
1471 986 1699 1046 ἀποστερή-

277 1073 344 1101 σει
372 1060 419 1100 δὲ
444 1061 526 1101 τῶν
570 1058 730 1101 οἰκείων
766 1055 887 1101 οῦδὲν
933 1058 1228 1114 ὃιενηνόχαμεν
1267 1057 1478 1114 α’λλήλων.
1533 1055 1700 1103 πλείους

276 1122 354 1179 γὰρ
397 1119 620 1177 ἀπεβάλετε
656 1121 799 1177 ὑμεῖς·
853 1120 962 1177 ὅμως
1000 1120 1130 1165 αὐτοῦ
1167 1140 1212 1178 γε
1237 1125 1355 1166 ἕνεκα
1382 1116 1458 1165 τοῦ
1490 1117 1751 1177 ἧσσῆσθαιι5
1779 1155 1782 1158 .

277 1190 414 1246 ’δοκεῖν
447 1188 553 1242 ἡμᾶς
591 1187 639 1230 οὖ
671 1186 875 1242 βούλομαι
908 1187 982 1243 τήν
1016 1191 1252 1243 συγγένειαν
1284 1186 1542 1243 ποιήσασθαι
1587 1183 1701 1237 νυνὶ,

155 1253 370 1295 Ρ.286ἆλλ’
409 1252 572 1308 εἰρήνην
612 1251 736 1306 μόνον
767 1255 839 1295 καί
874 1253 1074 1301 σπονδάς·
1131 1253 1440 1308 ἀναστρέψαντι
1470 1253 1516 1294 δὲ
1545 1251 1604 1300 εἷς
1627 1247 1701 1305 τήν

281 1315 457 1370 οἰκείαν,
490 1317 711 1372 πρεσβείαν
739 1317 836 1374 περὶ
857 1319 929 1373 τῆς
950 1316 1170 1372 ἐπιγαμίας
1188 1322 1400 1360 ποιεῖσθαι
1452 1316 1526 1359 καί
1545 1326 1703 1370 σκεψα-

279 1383 389 1439 μένῳ
418 1378 493 1435 ὅ,τι
520 1378 572 1423 ἂν
600 1386 823 1425 λυσιτελεῖν
849 1385 984 1437 δοκοίη
1012 1386 1110 1424 καθ)
1136 1383 1314 1438 ἡσυχίαν
1339 1379 1545 1438 πράττειν.
1591 1377 1704 1434 ’[βᾶ-

280 1463 352 1501 νης
370 1449 448 1499 μὲν
472 1441 544 1487 οὖν
560 1448 788 1500 ἐπανῆλθεν
811 1447 868 1496 ὥς
886 1448 1061 1500 βασιλέα
1084 1446 1155 1489 τὸν
1183 1450 1344 1499 οἰκεῖον,
1365 1446 1442 1495 τὰς
1465 1443 1755 1501 οἷποκρίσειςαο

281 1511 357 1553 τοῦ
390 1511 614 1564 “Ρωμαι’ων
648 1513 850 1565 βασιλέως
880 1508 1011 1567 ἄγων·
1064 1511 1135 1554 καί
1165 1510 1271 1565 μετὰ
1306 1508 1454 1567 μικρὸν
1493 1511 1702 1564 ἐπανῆλθε

282 1575 404 1617 πάλιν
426 1570 535 1629 ἄγων
555 1576 626 1617 καί
644 1576 984 1632 συμπρεσβευτήν
1010 1575 1083 1620 τὸν
1107 1574 1376 1631 Ἀλεξάνδρου
1399 1576 1474 1617 τοῦ
1501 1575 1705 1629 βασιλέως

282 1642 396 1681 θεῖόν
430 1638 689 1694 Συναδηνὸν,
742 1639 793 1682 τά
826 1640 897 1683 ἴσα
927 1642 1206 1696 πρεσβεύοντα
1240 1639 1312 1682 καὶ
1341 1634 1487 1689 αὖθις.
1538 1638 1637 1694 περί
1661 1653 1705 1679 τε

143 1712 186 1745 V.
207 1719 278 1757 2²9
292 1706 367 1746 τοῦ
391 1702 540 1759 κήδους
561 1704 690 1746 πολλοὶ
711 1705 989 1759 διαλεγόμενοι
1010 1704 1222 1760 ἐπαγωγὰ,
1250 1707 1294 1754 ἐξ
1314 1699 1372 1747 ὧν
1390 1699 1512 1762 ᾤοντο
1534 1701 1606 1745 τὸν
1626 1705 1706 1756 βα-

284 1770 402 1813 σιλέα
422 1774 587 1811 πεῖσαι·
642 1768 665 1810 ὅ
689 1769 883 1824 βασιλεὺς
913 1772 959 1812 δὲ
988 1776 1072 1820 τοῖς
1097 1772 1308 1828 προτέροις
1330 1770 1402 1811 καί
1427 1764 1553 1818 αὖθις
1584 1769 1755 1824 &pff-25

285 1874 487 1911 Alexander
508 1875 711 1908 Moesorum
746 1887 808 1910 rex
839 1876 883 1910 de
907 1877 1112 1922 proceribus
1146 1887 1231 1911 suae
1255 1877 1369 1922 gentis
1393 1876 1527 1910 Ibanen
1550 1886 1613 1909 seu
1639 1876 1702 1909 Io—

286 1933 415 1956 annem
440 1921 486 1954 ad
515 1922 761 1965 imperatorem
786 1923 901 1967 legat,
932 1929 968 1956 et
990 1930 1031 1957 ut
1054 1924 1179 1957 foedus
1204 1923 1322 1968 pridie
1346 1927 1547 1969 susceptum
1571 1922 1704 1962 valeat,

288 1974 395 2013 atque
430 1966 476 2000 ad
512 1969 704 2001 amicitiam
749 1970 1046 2015 securitatemque
1092 1969 1288 2014 augendam
1323 1969 1432 2002 filiam
1468 1979 1566 2000 suam
1590 1968 1702 2012 ipsius

287 2015 365 2047 filio
397 2013 638 2059 despondeat,
684 2021 858 2059 precatur.
914 2016 986 2049 Cui
1020 2016 1212 2061 imperator
1227 2040 1236 2056 ,
1271 2026 1412 2048 manere
1461 2014 1587 2047 foedus
1630 2013 1703 2047 sibi

291 2070 434 2105 quoque
460 2070 532 2092 non
557 2058 765 2103 displicere:
792 2061 968 2106 siquidem
994 2066 1030 2094 et
1053 2062 1149 2106 prius
1173 2073 1246 2094 non
1268 2060 1488 2094 necessitatis
1504 2085 1513 2100 ,
1535 2058 1598 2093 sed
1629 2060 1705 2092 uti-

290 2106 404 2138 litatis
441 2116 544 2138 causa
579 2109 807 2150 compositam
832 2119 951 2151 pacem
979 2108 1218 2141 existimaret:
1250 2107 1434 2140 affinitatis
1478 2106 1705 2139 coniunctio-

290 2162 374 2184 nem
398 2152 436 2183 in
467 2154 667 2194 praesentia
700 2154 820 2186 nolle:
857 2155 1035 2187 neminem
1064 2155 1158 2187 enim
1185 2154 1288 2186 aliter
1312 2152 1550 2186 iudicaturum
1566 2177 1573 2191 ,
1598 2163 1705 2198 quam

291 2198 351 2231 vel
371 2197 583 2229 necessitate
615 2198 672 2230 vel
704 2199 855 2239 timore,
880 2201 965 2244 quia
990 2199 1034 2231 ab
1059 2201 1122 2233 illo
1149 2201 1259 2232 victus
1285 2200 1342 2239 sit,
1367 2197 1610 2231 conciliatam:
1635 2197 1704 2231 etsi

291 2254 366 2276 non
405 2242 450 2275 ob
484 2242 582 2274 aliud
607 2243 780 2287 fugerint,
816 2257 920 2290 quam
959 2245 1056 2291 quod
1091 2247 1196 2290 pauci
1220 2245 1382 2290 pluribus
1408 2255 1507 2288 pares
1533 2254 1607 2276 esse
1630 2254 1704 2276 non

293 2289 489 2334 potuerint,
536 2289 577 2320 In
601 2290 790 2324 amissione
826 2297 944 2324 autem
969 2303 1112 2324 suorum
1135 2292 1274 2324 nullum
1298 2300 1372 2323 esse
1397 2289 1604 2323 discrimen:
1631 2289 1702 2322 imo

295 2336 390 2379 ipsos
414 2335 532 2379 plures
559 2336 727 2369 amisisse.
786 2338 856 2370 Sed
879 2349 924 2370 ne
947 2338 1059 2370 victus
1085 2338 1130 2370 ab
1157 2338 1228 2370 illis
1252 2336 1450 2376 habeatur,
1485 2336 1583 2369 nolle
1608 2346 1705 2370 nunc

296 2380 508 2413 affinitatem
529 2381 758 2424 contrahere3
785 2395 905 2427 pacem
927 2383 1109 2416 dumtaxat
1144 2388 1180 2416 et
1198 2381 1322 2416 foedus
1339 2392 1412 2414 non
1432 2391 1616 2416 recusare:
1639 2381 1706 2414 ubi

298 2425 443 2458 domum
478 2425 648 2467 redierit,
684 2429 894 2472 legationem
921 2439 1025 2472 super
1046 2429 1271 2462 matrimonio
1296 2428 1502 2460 missurum:
1540 2432 1576 2461 et
1608 2425 1707 2471 quod.

298 2471 370 2504 sibi
399 2483 437 2504 re
469 2471 624 2505 discussa
661 2475 830 2518 expedire
863 2477 977 2508 visum
1003 2475 1194 2515 fuc1·it‚in
1226 2474 1484 2518 tranquillitate
1521 2478 1558 2506 et
1580 2475 1706 2518 requie

296 2517 484 2555 facturum.
529 2518 654 2552 Ibanes
679 2531 756 2552 cum
780 2520 848 2554 hoc
873 2532 1042 2565 responso
1069 2520 1114 2553 ad
1138 2530 1253 2564 regem
1277 2530 1378 2554 suum
1401 2529 1572 2558 reversus,
1596 2519 1705 2563 paulo

295 2570 381 2608 post
403 2575 481 2597 eum
507 2565 606 2597 socio
639 2565 831 2599 Alexandri
867 2572 994 2611 patruo
1009 2565 1200 2610 Synadeno
1224 2565 1345 2602 rediit.
1377 2565 1494 2609 Caput
1515 2565 1705 2608 legationis

299 2609 396 2643 idem
421 2609 519 2656 quod
542 2615 643 2644 ante:
676 2610 991 2658 disserueruntque
1014 2612 1059 2646 de
1084 2612 1257 2645 affinitate
1281 2612 1350 2645 ista
1372 2611 1485 2643 multa
1506 2610 1706 2655 probabili-

295 2658 364 2699 ter,
389 2656 520 2704 quibus
533 2667 571 2692 se
592 2657 841 2704 imperatorem
862 2657 1013 2694 flexuros
1035 2658 1281 2704 opinabantur.
1311 2656 1445 2692 Verum
1468 2655 1641 2692 isdenuo
1664 2657 1705 2690 in
