1728 3158
1690 0 1728 121 Ἰ

248 130 316 169 xx
809 124 842 161 1.
883 119 1118 163 PONTANl
1716 119 1728 189 ξ

246 239 299 278 ab
327 245 418 278 ortu
444 234 621 285 Christi,
669 230 902 272 orientalem
941 231 1145 272 ecclesiam
1178 246 1202 273 a
1234 235 1414 275 Romana
1445 235 1698 286 secessisset

244 303 449 343 Feruntur
466 303 559 340 item
576 299 754 339 historici
773 312 853 338 non
871 299 988 354 pauci
1004 328 1016 350 ‚
1044 297 1121 338 hoc
1140 306 1277 339 nostro
1296 301 1444 354 partim
1471 295 1670 356 antiquio·
1726 327 1728 330 -

243 382 308 407 res
326 397 338 419 ,
367 368 512 420 partim
532 365 768 404 recentiores
782 393 794 416 ,
822 377 922 417 quos
951 377 1044 402 cum
1070 363 1121 403 ad
1149 378 1275 403 unum
1303 365 1368 404 vel
1387 365 1430 404 in
1444 364 1668 426 haereticis,

243 432 309 473 vel
335 434 377 471 in
406 430 662 470 schismaticis
688 431 775 469 iure
791 442 1045 468 numeremus
1059 458 1070 480 ,
1112 428 1225 468 nullo
1255 436 1390 469 tamen
1418 443 1560 470 eorum
1589 431 1674 469 sine

242 496 393 549 alique,
424 495 608 534 omnibus
627 494 744 534 simul
763 496 847 534 sine
866 494 1036 533 maximo
1054 492 1292 534 detrimento
1312 493 1476 534 ecclesia
1493 487 1674 549 Romana

241 574 376 600 carere
403 574 485 599 non
505 567 650 614 potest.
706 560 797 600 Vin’
824 567 870 599 tu
900 559 1038 599 audire
1068 561 1138 613 qui
1170 561 1279 600 sint?
1349 560 1592 600 Sozomenus
1634 566 1674 599 et

241 626 422 666 Socrates
441 626 587 666 Novati
606 625 812 679 perfidiam
835 627 971 665 Sectati
990 632 1096 665 sunt.
1153 626 1339 677 Quorum
1357 625 1423 665 hic
1442 639 1524 666 non
1537 624 1673 678 oblata

241 690 370 730 solum
383 721 395 742 ,
435 690 504 730 sed
534 691 735 730 interdum
763 692 882 730 etiam
913 692 1089 744 quaesita
1116 685 1320 731 occasione
1348 690 1593 732 Novatianos
1620 690 1670 735 Η,-
1724 716 1728 717 ⁷

238 754 380 795 beuter
408 755 567 807 laudat,
606 757 700 809 ipsis
729 755 921 795 miracula
947 755 1105 806 trihuit,
1138 757 1411 796 Romanorum
1439 757 1670 814 pontificum
1716 767 1721 776 ‘

238 822 457 874 potentiam
483 822 652 874 exagitat
669 835 680 860 :
721 835 823 874 quae
841 823 977 860 omnia
996 820 1163 860 Iacobus
1178 821 1317 862 Billius
1337 822 1516 862 eruditus
1534 822 1670 879 Theo-

238 884 351 939 logus
371 885 692 926 observatlonum
711 900 912 926 sacrarum
940 885 1044 928 libro
1061 886 1192 939 primo
1211 889 1338 940 capite
1356 888 1547 942 vigesimo
1563 894 1671 944 sexto

237 949 458 990 luculenter
485 950 743 991 demonstrat.
784 952 846 990 Dc
865 951 1090 1005 Nicephoro
1111 950 1274 991 Callisto
1294 951 1420 1007 liquet
1443 967 1490 992 ex
1509 954 1669 1007 Genna-

237 1015 293 1054 dii
315 1015 494 1070 apologia
515 1030 588 1070 pro
605 1016 783 1057 Concilio
802 1015 1058 1067 Florentino,
1091 1017 1161 1057 ubi
1188 1018 1272 1058 eius
1291 1032 1372 1059 non
1394 1025 1480 1060 tam
1505 1019 1667 1079 scripta,

237 1095 358 1134 quam
384 1083 563 1121 convicia
586 1089 725 1122 contra
752 1083 915 1122 Latinos
935 1082 1185 1126 refelluntur:
1207 1091 1252 1123 ut
1271 1083 1321 1123 de
1338 1085 1403 1135 iis,
1431 1097 1534 1138 quae
1553 1085 1665 1138 spar-

237 1148 313 1185 sim
343 1147 384 1184 in
416 1146 624 1187 historiam
650 1160 762 1188 suam
793 1148 951 1187 sinistra
980 1149 1145 1188 inseruit
1158 1179 1170 1201 ,
1211 1149 1311 1189 nihil
1331 1149 1479 1190 dicam.
1534 1151 1665 1205 Zona·
1719 1183 1723 1189 .

237 1224 325 1250 ram
352 1211 470 1251 fuisse
488 1212 781 1252 schismaticum
798 1242 810 1264 ,
846 1215 982 1253 testari
1002 1221 1167 1267 possunt
1194 1216 1277 1254 eius
1297 1222 1480 1269 poemata
1503 1216 1664 1273 aculea-

234 1277 387 1316 tissima
417 1277 466 1315 de
485 1279 733 1331 processione
751 1279 876 1318 sancti
895 1278 1088 1332 Spiritus,
1118 1287 1158 1319 et
1185 1279 1262 1319 alia
1290 1280 1480 1321 adversus
1501 1281 1664 1321 Latinos

236 1342 454 1394 composita
468 1370 480 1392 ,
510 1356 612 1395 quae
628 1342 908 1382 Genebrardus
933 1343 1030 1382 dum
1049 1351 1297 1384 converteret
1309 1374 1322 1398 ,
1359 1359 1401 1385 se
1419 1339 1664 1404 criminatio-

237 1419 307 1444 nes
326 1405 413 1445 illas
434 1407 611 1446 om1sisse
629 1414 780 1447 narrat.
838 1408 901 1447 De
919 1408 1181 1463 Pachymerio
1201 1410 1307 1450 idem
1336 1417 1518 1451 constare
1533 1418 1665 1465 potest

234 1484 281 1512 ex
310 1471 504 1510 adiunctis
525 1471 576 1510 ad
601 1473 820 1525 Gregoram
847 1473 1050 1513 Latinum.
1105 1474 1168 1514 Ea
1190 1482 1283 1514 sunt
1301 1477 1430 1530 capita
1445 1505 1458 1527 ,
1489 1490 1559 1516 seu
1586 1475 1663 1516 loci

235 1533 370 1576 rerum
389 1539 580 1576 memoria
600 1537 825 1591 dignarum,
851 1552 873 1578 e
892 1539 1028 1579 codice
1052 1539 1304 1593 Augustano,
1342 1542 1448 1581 carie
1466 1541 1662 1593 confecto,

235 1608 276 1639 et
302 1600 444 1640 mutilo
459 1630 472 1652 ,
511 1615 583 1655 per
610 1602 784 1656 singulos
811 1602 937 1644 libros
963 1607 1158 1658 excerpti:
1205 1607 1316 1646 cuius
1344 1603 1500 1646 animus
1519 1608 1561 1646 in
1579 1608 1661 1663 Rq-

233 1679 392 1705 manam
423 1666 627 1706 ecclesiam
657 1666 785 1721 qualis
815 1668 955 1721 fuerit,
989 1684 1035 1708 ex
1065 1672 1206 1723 quinto
1221 1699 1233 1723 ,
1273 1678 1380 1710 sexto
1397 1701 1410 1724 ,
1449 1679 1490 1711 et
1518 1679 1662 1723 octavo

232 1733 482 1785 potissimum
510 1731 622 1772 libris
641 1733 961 1786 deprehenditur.
1024 1735 1295 1789 Nicephorum
1314 1737 1533 1790 Gregoram
1558 1751 1661 1790 quo-

232 1811 311 1850 que
324 1827 336 1847 ‚
375 1805 414 1836 et
433 1797 613 1836 Nicetam
629 1797 864 1838 Choniatam
884 1812 1022 1838 eorum
1047 1808 1304 1840 monumenta
1321 1802 1509 1855 produnt.
1543 1801 1661 1842 Adde
1678 1856 1681 1859 ‚

231 1862 310 1901 huc
337 1862 560 1901 Cedrenum
576 1891 588 1912 ,
623 1861 788 1916 Glycam
803 1893 815 1914 ,
853 1864 1156 1904 Constantinum
1186 1867 1434 1919 Manassem,
1471 1867 1660 1917 Ioannem

233 1934 272 1965 et
298 1928 513 1980 Georgium
556 1927 814 1981 Curopalatas
864 1936 903 1967 et
923 1928 1020 1968 alios
1034 1959 1047 1980 ,
1087 1932 1120 1969 si
1145 1944 1392 1984 quaeramus.
1443 1931 1549 1970 Nam
1586 1945 1659 1985 per

232 1991 299 2030 illa
319 1999 498 2044 tempora
524 1999 607 2030 tam
625 2007 706 2031 non
737 1993 851 2032 facile
874 1995 1112 2033 monachum
1127 2024 1139 2045 ,
1174 2002 1243 2034 aut
1261 1996 1494 2049 scriptorem
1522 2010 1547 2036 a
1574 1997 1658 2041 Rofi-

232 2070 349 2096 mana
369 2056 530 2095 ecclesia
547 2070 629 2095 non
646 2057 928 2097 alienissimum
948 2066 1032 2098 erat
1049 2061 1228 2099 invenire
1256 2062 1298 2099 in
1319 2061 1501 2113 Graecia,
1535 2075 1657 2115 quam

231 2121 351 2160 hodie
380 2121 538 2160 difficile
566 2129 624 2161 est
651 2136 886 2176 praeconem
912 2124 1024 2164 verbi
1049 2125 1154 2175 Dei,
1193 2132 1262 2165 aut
1289 2127 1552 2180 professorem
1576 2127 1654 2183 Ca-

229 2185 422 2226 tholicum
448 2188 628 2227 invenire
655 2189 697 2227 in
715 2187 893 2229 Saxonia.
948 2189 1003 2229 Et
1033 2192 1101 2243 qui
1127 2190 1288 2230 tandem
1311 2192 1396 2232 fieri
1422 2199 1576 2246 potest,
1609 2199 1656 2244 ut

230 2253 299 2305 qui
320 2248 321 2251 '
344 2250 596 2292 Patriarchas
636 2253 1090 2308 Constantinopolitanos
1136 2256 1404 2296 schismaticos
1453 2256 1655 2311 appellant

230 2318 521 2370 sanctissimos,
551 2320 822 2358 oecumenicos
837 2348 849 2370 ,
893 2325 932 2358 et
962 2322 1160 2374 principes
1185 2321 1371 2362 ecclesiae
1385 2352 1398 2374 ,
1434 2323 1510 2376 ipsi
1541 2323 1652 2374 *eius-

230 2381 323 2422 dem
354 2381 504 2422 farinae
530 2395 611 2422 non
640 2383 817 2423 fuerint?
847 2384 888 2424 Si
918 2396 991 2438 ego
1010 2387 1236 2439 quempiam
1254 2386 1651 2440 Superintendentem

230 2447 464 2486 sanctissimi
494 2447 689 2488 vocabulo
720 2448 938 2501 afficerem,
981 2450 1100 2490 credo
1113 2479 1125 2501 ,
1163 2450 1313 2504 aliqui,
1359 2453 1441 2492 imo
1467 2452 1649 2506 plurimi,

228 2524 301 2550 nec
331 2511 501 2562 iniuria,
544 2526 609 2553 me
638 2513 909 2553 Lutheranum
948 2504 1017 2553 aut
1048 2514 1326 2555 Calvinianum
1366 2530 1450 2556 esse
1487 2516 1648 2573 collige-

228 2582 330 2616 rent.
402 2575 535 2631 ‘Atque
563 2586 609 2619 ut
637 2578 687 2618 ab
716 2578 912 2620 historicis
938 2579 1123 2621 abeamus
1138 2609 1151 2634 ‚
1191 2588 1230 2622 et
1252 2581 1304 2622 ad
1323 2580 1420 2622 alios
1438 2582 1648 2639 scriptores
