1832 3132
329 101 440 168 354
869 100 1234 161 CANTACUZENJ

135 224 225 260 A-C.
241 221 472 271 ι329θέντες
498 218 571 260 ἀπ’
597 212 868 272 ἀλλήλων,μοῖ
892 218 969 271 μὲν
996 217 1265 261 ἀπελείποντο
1293 215 1435 272 timim,
1465 226 1603 277 ωσπερ
1622 216 1764 277 ’πυρός

285 287 399 340 Βτῆς
421 283 645 336 ζΡωμαίων
672 280 925 335 ἀπεχόμενοι
951 284 1172 338 στρατιᾶς,
1215 282 1288 325 καὶ
1309 285 1410 339 μηδ’
1447 283 1570 338 ἐγγυς
1605 283 1765 339 ὑπομέ-

325 364 461 397 νοντες
486 346 700 402 γενέσθαι.
739 347 935 400 βασιλεὺς
962 348 1009 389 δὲ
1034 346 1109 388 καί
1133 346 1173 388 οἱ
1200 343 1308 404 ἀμφ’
1335 345 1473 402 αὐτὸν,
1501 349 1765 402 ἐνοχλοῦντος

322 410 509 468 μηδενὸς,
537 410 642 468 πρὸς
668 410 715 453 τὸ
744 410 980 467 στράτευμα
1007 409 1243 466 γενόμενοι,
1271 411 1344 467 τὴν
1371 411 1511 455 §aava
1540 411 1765 469 στρατόπε-

324 479 395 519 δον
422 478 628 533 ἐχώρουν·
679 474 1014 530 Σεβαστόπουλος
1040 478 1087 518 δέ
1114 493 1178 526 τις
1203 477 1285 518 τῶν
1311 473 1654 532 ὗποτεταγμένων
1679 480 1788 532 βα-5

322 546 442 595 σιλεῖ,
469 540 516 583 τό
546 542 658 595 γένος
683 543 762 594 μὲν
784 539 949 594 ΙΡΙυσὸς,
979 540 1226 598 τριακοσίων
1255 542 1302 582 δὲ
1329 535 1470 597 ἅρχων
1497 542 1764 599 στρατιωτῶν

323 603 375 648 οὖ
403 606 511 649 πάνυ
540 606 832 659 ὡπλισμένων,
861 607 959 648 οῦδὲ
989 608 1130 657 ἵπποις
1155 607 1385 663 χρωμένων
1414 605 1615 662 ἀγαθοῖς,
1656 597 1762 650 ἀλλά

321 671 398 727 τὴν
426 671 607 726 ἐσχάτην
632 671 776 727 χώραν
805 670 1032 726 ἐπεχόντων
1059 673 1104 715 ἐν
1129 675 1180 728 τῇ
1207 672 1405 730 στρατιᾷ,
1433 672 1531 722 τούς
1556 687 1604 714 τε
1630 672 1765 720 ἰδίους

324 732 412 779 ὅσοι
449 732 557 790 ἦσαν
596 735 852 792 παραλαβὼν
892 739 964 778 καί
1000 735 1149 788 πεζούς
1185 735 1763 792 προσεταιρισάμενόςτινας,

322 799 400 856 τ’ἡν
428 795 554 855 ἄλλην
581 800 782 856 στρατιάν
809 799 1048 855 ἀπολιπών,
1089 799 1229 858 δρόμῳ
1258 799 1360 844 κατὰ
1388 804 1570 859 Περσῶν
1593 803 1815 858 §gniva-‘10

322 864 557 915 συνιδόντες
587 867 632 908 δὲ
661 865 697 907 οἱ
724 868 908 922 Πέρσαι,
937 865 994 916 ὥς
1021 866 1092 909 ἐπὶ
1118 869 1229 925 κακῷ
1258 868 1316 926 τῷ
1343 870 1530 926 σφετέρῳ
1559 864 1636 923 τὴν
1662 865 1765 924 ἔφο-

290 934 294 938 ’
329 932 401 973 δον
427 933 639 973 ποιοῦνται
666 931 841 986 ταυτηνὶ
866 931 937 974 καὶ
963 928 1194 988 ἀποστῆσαι
1209 934 1280 988 τῆς
1299 935 1501 990 στρατιᾶς
1519 930 1765 988 βουλόμενοι

325 994 528 1049 ἐπιπολύ,
578 994 654 1051 τὴν
695 992 821 1052 ἦττάν
856 1013 899 1039 τε
927 1000 1247 1053 προσεποιοῦντο
1277 1000 1350 1040 καί
1377 998 1544 1054 φεύγειν
1567 997 1760 1040 ἐδόκουν·

297 1060 373 1105 coi
401 1062 438 1102 δ’
465 1061 683 1117 ἐφείποντο
718 1059 913 1116 ἀνοήτως.
940 1059 1016 1104 εἶτ’
1044 1063 1253 1118 αἰφνίδιον
1282 1062 1322 1105 οἱ
1348 1064 1556 1121 βάρβαροι
1583 1076 1764 1118 συστρα-

328 1128 496 1183 φέντες,
552 1126 630 1183 βοῇ
657 1142 700 1168 τε
727 1128 910 1182 ἐχρῶντο
939 1127 1011 1169 καί
1036 1128 1292 1182 ἀλαλαγμοῖς
1324 1130 1397 1171 καὶ
1431 1135 1517 1179 τοῖς
1543 1126 1818 1182 Ῥωμαίοιςιό

322 1191 569 1247 ἐπεφέροντο
598 1190 734 1243 όξέως·
763 1190 802 1234 οἱ
830 1194 876 1237 δὲ
902 1191 959 1248 μή
990 1193 1218 1247 ἐνεγκόντες
1241 1195 1324 1235 τῶν
1344 1193 1573 1251 βαρβάρων
1591 1190 1668 1248 τήν
1689 1191 1765 1248 ὅρ-

320 1254 418 1310 μὴν,
447 1253 670 1312 ἐτράποντό
699 1272 744 1298 τε
771 1257 843 1299 καὶ
869 1259 1122 1312 κατέστησαν
1146 1259 1204 1307 εἰς
1233 1257 1394 1314 φυγήν,
1434 1258 1507 1300 καί
1531 1257 1660 1300 εἴκοσι
1676 1259 1764 1311 ,μὲν

322 1316 532 1363 ἀπέθανον
559 1322 604 1362 ἐκ
630 1322 711 1363 τῶν
737 1321 920 1375 ἱππέων,
963 1325 1081 1364 πέντε
1122 1324 1169 1364 δὲ
1208 1325 1281 1365 καί
1313 1326 1445 1379 ἕτεροι
1471 1325 1664 1366 τοσοῦτοι
1690 1335 1764 1364 πε-

323 1385 407 1437 ζοί·
451 1385 489 1428 οἱ
516 1387 555 1428 δ’
585 1382 702 1428 ἄλλοι
729 1386 1002 1442 διεσώθησαν,
1030 1389 1075 1429 ἐκ
1112 1390 1185 1443 τῆς
1222 1391 1423 1444 στρατιᾶς
1451 1390 1612 1431 πολλῶν
1641 1385 1763 1440 ὀξέως

322 1449 710 1506 ἐπιβοηθησάντων.
759 1450 957 1506 βασιλεὺς
996 1454 1037 1494 δ’
1076 1454 1168 1494 ἐπεὶ
1204 1452 1601 1508 ἐστρατοπεδεύσατο
1619 1464 1622 1467 ’
1637 1452 1815 1499 mil-cmo

322 1514 429 1557 κατὰ
458 1514 530 1558 τόν
558 1515 817 1571 Πελεκάνον,
860 1519 920 1566 εἰς
947 1517 1178 1568 Βυζάντιον
1217 1513 1347 1568 εὐθύς
1380 1517 1478 1567 τούς
1503 1517 1764 1574 μηνύσοντας
1823 1571 1827 1574 ¹

321 1579 478 1633 ἔπεμπε
504 1581 840 1638 πρωτοστράτορι
868 1581 919 1624 τὰ
948 1584 1220 1637 γεγενημένα,
1262 1584 1424 1625 ἐκέλευέ
1450 1597 1494 1625 τε
1521 1584 1622 1632 ναῦς
1649 1581 1763 1637 ἔχειν

324 1647 722 1702 παρεσκευασμένας,
742 1644 846 1702 πρὸς
874 1645 946 1689 τὸν
973 1648 1112 1703 πόρον,
1141 1646 1198 1695 ὥς
1223 1648 1296 1702 τῆς
1313 1649 1514 1702 στρατιᾶς
1533 1643 1637 1700 μετὰ
1659 1648 1763 1700 μίαν

280 1711 484 1767 Βῆμέραν
509 1707 538 1768 ἢ
565 1712 763 1768 δευτέραν
790 1712 1206 1768 περαιωθησομένης.
1266 1713 1422 1761 δείσας
1447 1712 1493 1754 δὲ
1520 1711 1606 1767 μὴ,
1660 1708 1759 1768 ὅπερ

320 1812 395 1845 Iam
429 1822 512 1847 vero
546 1825 625 1849 cum
652 1814 806 1849 viriliter
836 1825 1078 1861 generoseque
1103 1814 1363 1856 decertassent,
1389 1818 1427 1848 et
1450 1824 1583 1859 paucos
1612 1812 1761 1859 quidem

325 1858 518 1901 barbaros,
543 1862 700 1895 illustres
722 1867 843 1895 tamen
863 1862 1089 1901 occidissent,
1109 1860 1357 1895 discesserunt.
1405 1861 1531 1894 Persae
1553 1864 1672 1893 autem
1690 1860 1761 1892 Ro-

325 1906 440 1940 manis
469 1908 619 1951 amplius
648 1919 722 1940 non
750 1908 858 1952 magis
884 1920 988 1952 quam
1023 1908 1097 1952 igni
1131 1905 1419 1952 appropinquare
1450 1917 1583 1952 eosque
1614 1911 1760 1954 tangere

326 1951 403 1984 ausi
439 1959 531 1986 sunt.
582 1955 654 1986 Rex
676 1965 753 1986 cum
792 1956 884 1994 suis,
911 1955 1011 1987 nullo
1039 1954 1280 1994 obturbante‚
1304 1952 1349 1986 ad
1374 1953 1571 1986 exercitum
1599 1952 1759 1986 reversus

324 2002 435 2031 castra
453 2000 579 2042 petiit3
605 2005 642 2032 at
661 1999 805 2044 quidam
829 2000 1084 2045 Sebastopulus
1113 2000 1318 2045 imperatori
1335 2010 1462 2045 parens
1476 2023 1485 2039 ,
1510 2009 1639 2044 genere
1655 1998 1760 2031 Moe-

325 2054 406 2083 sus,
431 2049 672 2079 trecentorum
690 2047 845 2078 militum
881 2058 954 2079 non
985 2046 1089 2079 valde
1114 2051 1325 2079 armatorum
1340 2071 1349 2086 ‚
1374 2055 1492 2091 neque
1514 2045 1628 2078 bonos
1647 2055 1759 2089 equos

323 2087 534 2123 habentium
555 2092 757 2135 praefectus
781 2098 817 2125 et
837 2094 874 2124 in
891 2098 1047 2125 extremo
1068 2094 1207 2136 agmine
1234 2092 1482 2131 militantium,
1502 2090 1666 2124 omnibus
1685 2091 1758 2123 suis

322 2137 511 2180 assumptis
541 2143 577 2170 et
602 2137 786 2181 peditibus
809 2138 948 2184 aliquot
978 2140 1016 2171 in
1040 2139 1213 2171 auxilium
1242 2138 1386 2178 ascitis,
1421 2138 1561 2183 reliquo
1597 2137 1758 2170 exercitu

324 2180 486 2222 deserto,
514 2185 644 2216 cursim
675 2185 714 2216 in
739 2185 857 2216 Persas
886 2185 1067 2218 tendebat.
1118 2184 1174 2217 Illi
1206 2184 1297 2217 hanc
1322 2183 1572 2218 incitationem
1594 2182 1639 2216 ad
1658 2189 1758 2216 suam

322 2227 518 2272 perniciem
539 2229 719 2273 pertinere
744 2231 811 2262 rati
831 2235 866 2263 et
883 2231 1022 2276 longius
1044 2241 1103 2263 eos
1125 2230 1170 2262 ab
1191 2232 1346 2263 exercitu
1362 2230 1522 2263 volentes
1537 2227 1758 2269 abstrahere,

323 2273 476 2326 perinde
495 2279 536 2307 ut
556 2275 639 2308 victi
663 2276 782 2320 fugam
801 2277 1024 2310 simulabant.
1072 2276 1330 2321 Sebastopulus
1356 2282 1488 2309 temere
1503 2281 1539 2308 et
1551 2275 1757 2309 inconsulto

322 2320 534 2365 insequitur.
585 2321 676 2353 Tum
695 2322 835 2354 barbari
859 2323 902 2356 de
927 2324 1117 2367 improviso
1138 2324 1320 2363 converti,
1343 2323 1456 2354 laetos
1486 2321 1654 2355 clamores
1682 2320 1757 2354 tol-

322 2365 397 2398 lere
430 2371 466 2399 et
493 2367 532 2399 in
560 2367 734 2401 Romanos
760 2369 936 2403 violenter
965 2371 1113 2406 irruere.
1162 2369 1234 2414 Qui
1258 2369 1526 2413 impressionem
1549 2378 1624 2400 non
1643 2368 1759 2400 “susti-

322 2417 450 2444 nentes
474 2413 513 2445 in
531 2413 647 2458 fugam
671 2425 708 2447 se
729 2413 944 2448 effuderunt.
994 2414 1181 2448 Trucidati
1205 2413 1343 2460 equites
1375 2413 1536 2460 quinque
1566 2424 1672 2457 supra
1701 2414 1758 2446 vi-

322 2457 436 2503 ginti,
469 2458 607 2503 pedites
637 2459 809 2493 totidem:
842 2467 978 2494 ceteros
1016 2460 1193 2501 subitum,
1220 2472 1286 2494 nec
1317 2461 1484 2505 exiguum
1516 2458 1560 2492 ab
1596 2459 1756 2492 exercitu

320 2504 467 2537 missum
499 2505 699 2538 subsidium
725 2508 955 2540 conservavit.
1005 2508 1200 2551 Imperator
1219 2518 1360 2540 rursum
1376 2508 1414 2539 in
1430 2505 1600 2539 Pelecano
1624 2511 1757 2538 castra-

321 2554 495 2592 metatus,
528 2552 717 2585 confestim
761 2553 967 2595 Byzantium
997 2554 1247 2597 protostratori
1286 2558 1363 2586 acta
1395 2553 1602 2585 nuntiatum
1635 2552 1754 2584 misit:

320 2607 401 2629 cum
421 2596 610 2638 mandatis,
634 2598 688 2631 uti
709 2609 815 2631 naves
840 2599 885 2632 ad
899 2599 1201 2632 transducendum
1218 2604 1298 2643 post
1318 2609 1429 2632 unum
1450 2598 1644 2631 alterumve
1660 2597 1757 2630 diem

321 2643 516 2676 exercitum
544 2649 685 2687 paratae
714 2650 840 2678 essent.
889 2646 933 2678 Et
958 2657 1035 2678 cum
1061 2650 1266 2686 vereretur,
1291 2656 1336 2678 ne
1359 2643 1483 2690 (quod
1508 2643 1665 2688 accidit)
1685 2644 1757 2676 alia

322 2701 428 2736 quam
453 2700 519 2734 pro
543 2700 627 2725 vero
648 2690 692 2724 de
712 2691 859 2724 vulnere
878 2702 941 2725 suo
962 2692 1054 2725 fama
1071 2691 1329 2737 divulgaretur,
1354 2691 1399 2725 de
1428 2694 1470 2724 eo
1499 2690 1644 2736 quoque
1670 2693 1756 2735 pro-
