1832 3132
323 95 435 161 384
750 137 754 142 .
846 103 1215 148 CANTACUzENJ

125 221 217 258 A.c.
231 222 318 270 1329
326 207 644 266 καθεστηκυώις,
678 204 707 263 ἢ
732 205 912 262 τάληθὲς
939 203 1069 257 αὔτὸς
1095 208 1252 250 ἐθέλων
1279 206 1580 264 ἀποκρύπτειν,
1605 202 1751 265 &ffir-

320 279 395 336 ροί
421 291 527 325 τινες
563 276 648 316 τῶν
686 275 915 327 γενομένων
941 273 1039 329 πέρι
1064 275 1196 329 μηδὲν
1221 272 1380 324 εἰδότες
1387 307 1401 327 ,
1441 271 1750 329 οἰήσονται-ἢν,

317 344 493 399 βασιλέα
519 338 747 394 βούλεσθαι
771 339 850 391 μὲν
873 337 1121 380 ἀπελαύνειν
1138 339 1358 380 ,Μπενέτον
1382 340 1508 392 Χίου,
1533 337 1750 394 conpend-

316 423 398 450 που
431 407 476 447 δὲ
504 402 754 460 προφάσεως
784 402 859 444 οὖκ
885 398 1090 459 εὖπορεῖν,
1110 404 1183 444 καί
1209 400 1279 445 διὰ
1306 405 1430 445 τοῦτο
1458 399 1750 457 ἀσμένως-ἅλα-

315 471 492 526 βόμενον
519 470 593 511 τοῦ
620 466 764 523 λόγου,
810 466 884 516 τάς
910 483 955 509 τε
981 465 1162 524 τριήρεις
1187 469 1386 525 παρέχειν
1412 467 1486 511 καὶ
1508 466 1775 524 τῆν’ἔξυδονό

316 537 563 592 ἐπιτρέπειν.
618 533 683 577 διὸ
724 531 797 576 καί
834 529 964 583 αὖθις
1002 535 1070 590 ἐφ’
1097 531 1256 590 ἑτέραις
1286 536 1424 590 τρισὶν
1448 535 1629 591 ἡμέραις
1653 533 1755 589 περὶ

314 604 395 644 τοῦ
433 601 672 658 πράγματος
708 601 870 642 ἐκέλευε
911 599 1246 653 διασκέψασθαι,
1288 600 1447 647 δίκαιον
1475 601 1529 642 δὲ
1556 597 1666 643 ἐἶναι
1689 597 1751 654 μὴ

278 665 423 723 Οπρὸς
450 664 525 722 τὴν
551 665 710 707 ἐκείνου
734 665 1022 721 μικροψυχίαν
1049 661 1226 718 οἷπιδεῖν,
1255 661 1363 707 ἀλλὰ
1387 664 1462 722 τὴν
1488 665 1753 726 αὖτᾷῑὴροσ-

316 731 500 788 ’ἥκουσαν
529 732 796 782 ἒνδειξασθαι
821 732 1145 785 μεγαλοψυχίαν
1172 732 1246 772 καί
1267 730 1506 787 nant-egilam
1544 729 1646 780 ἴσως
1671 729 1752 787 γὰρ

317 800 364 841 ἓν
390 798 539 846 αὐταῖς
566 798 646 838 τῶν
674 796 851 838 δεόντων
872 811 929 838 τι
965 795 1289 851 βουλεύσασθαι
1309 795 1482 854 δυνήσῃ.
1536 786 1810 845 Μὴενέτοςω

317 865 366 905 δὲ
391 864 522 918 μηδὲν
550 861 611 904 ἔτι
648 860 868 918 προσθεὶς,
907 862 1049 915 θυμοῦ
1083 865 1249 917 γέμων,
1292 859 1436 903 οἴκαδε
1461 857 1672 918 ἀπεχώρει
1697 858 1755 910 ὦς

314 928 366 971 ’τοὶ
394 927 552 983 ἔσχατα
580 928 839 983 ἠδικημένος.
892 926 1091 981 βασιλεύς
1113 929 1259 970 δὲ’ἕπί
1283 933 1371 977 τοῖς
1395 927 1622 982 γινομένοις
1635 927 1754 968 Α’δυσ-

313 994 546 1051 χεραίνων,
595 995 676 1036 τῶν
711 992 928 1050 παρόντων
971 991 1227 1036 ἐπυνθάνετο
1247 993 1491 1048 Ῥωμαίων,
1533 994 1576 1036 εἰ
1597 990 1657 1048 μὴ
1683 991 1756 1048 τὴν

316 1060 609 1115 προσήκουσαν
635 1059 875 1115 εὐεργεσίαν
902 1060 1172 1101 κατατίθεται
1199 1061 1430 1118 Μπενέτῳ,
1466 1056 1599 1116 μικρὰ
1626 1053 1656 1114 ἢ
1683 1054 1757 1105 οὗ·

316 1127 389 1168 δὲν
415 1123 520 1180 πρὸς
546 1123 616 1167 τὸν
643 1124 748 1181 ὑπὲρ
779 1125 853 1180 τῆς
881 1124 991 1166 Χίου
1028 1126 1204 1178 πόλεμον
1231 1125 1528 1183 συναραμένῳ,
1571 1119 1599 1180 ἢ
1625 1124 1666 1165 εἰ
1690 1124 1808 1170 ‹it-15

317 1192 416 1233 καίοι
443 1191 470 1245 ἧ
500 1186 670 1240 ἀξίωσις
709 1191 844 1232 αὐτοῦ
882 1192 953 1233 καί
990 1190 1069 1233 στὶν
1108 1191 1213 1248 λόγῳ
1251 1192 1454 1247 γινομένη.
1520 1185 1651 1231 αὖε-ὸν
1673 1187 1752 1244 γὰρ

316 1254 376 1311 μὴ
406 1255 616 1297 δύνασθαι
644 1261 843 1309 συνεῖναι,
874 1252 912 1309 ὅ,
929 1273 970 1298 τι
995 1258 1128 1298 ταῦτα
1159 1254 1275 1313 αὐτῷ
1302 1255 1354 1298 τὰ
1385 1254 1552 1312 ῥήματα
1577 1256 1676 1299 vost.
1715 1251 1756 1294 οἱ

317 1323 394 1373 μὲν
422 1317 496 1364 οὖν
524 1316 644 1363 ἄλλοι
670 1323 895 1364 Μπενέτον
933 1338 978 1364 τε
1005 1321 1255 1379 κατῃτιῶντο
1295 1323 1368 1362 καί
1402 1318 1558 1376 πολλὴν
1594 1316 1756 1373 κατεγί-

279 1393 473 1429 Βνωσκον
501 1387 636 1428 αὐτοῦ
665 1382 925 1443 οἷβελτηρώιν·
969 1387 994 1429 ὅ
1018 1388 1150 1441 μέγας
1178 1389 1223 1428 δὲ
1260 1386 1500 1440 δομέστικος
1534 1383 1640 1439 ,,τήν
1676 1384 1756 1438 μὲν

317 1448 514 1505 οἷλογίαν”
541 1448 653 1493 εἶπεν
688 1446 756 1505 „03
781 1454 972 1505 βασιλεῦ,
1009 1455 1081 1494 καί
1106 1451 1182 1508 τήν
1210 1451 1444 1507 παράνοιαν
1470 1452 1554 1493 τῶν
1581 1450 1810 1492 Μπενέ-ἀο

316 1531 393 1556 του
425 1514 666 1572 ζητημάτων
694 1517 840 1567 πάντες
868 1532 914 1558 τε
940 1516 1058 1560 ἴσασι
1087 1519 1235 1573 σαφῶς
1273 1518 1346 1559 καί
1371 1515 1448 1572 τὴν
1485 1513 1632 1569 ὃμοίαν
1668 1516 1757 1569 ψῆ-

319 1597 399 1637 φον
437 1584 614 1637 φέρουσι
652 1582 752 1638 περὶ
787 1582 938 1624 αὐτοῦ.
994 1582 1058 1624 διὸ
1097 1580 1197 1624 οὐδὲ
1234 1586 1589 1639 πολυπραγμονεῖν
1615 1579 1756 1631 ἐξετά-

319 1649 463 1699 ζοντας
488 1647 586 1704 χρὴ,
617 1643 653 1702 ‹‘›',
670 1665 712 1690 τι
738 1646 989 1703 βουλόμενος
1016 1645 1243 1697 ἆνενδότως
1269 1645 1359 1702 ἔχει
1384 1645 1483 1704 περὶ
1509 1642 1631 1689 azimi·
1674 1643 1755 1687 οἴε-

414 1758 465 1792 15.
490 1751 589 1804 πρός
610 1761 685 1795 ED.
698 1762 732 1795 P.
757 1771 822 1805 pro
837 1735 922 1807 πὲρ.

321 1850 452 1883 vellet:
486 1856 547 1884 aut
571 1852 718 1898 quidam
743 1852 829 1892 alii,
870 1852 925 1884 rei
954 1854 1152 1885 transactae
1175 1861 1318 1895 prorsus
1350 1849 1467 1895 ignari
1496 1848 1755 1887 existimarent,

320 1896 575 1940 imperatorem
598 1897 833 1932 Benedictum
852 1897 944 1931 Chio
970 1897 1160 1942 expulsum
1179 1907 1328 1942 cupere:
1354 1907 1480 1930 verum
1501 1905 1610 1930 causa
1632 1892 1755 1939 aliqua

321 1942 362 1974 in
387 1944 542 1986 speciem
563 1944 714 1978 honesta
737 1955 812 1978 non
838 1949 1071 1989 suppetente,
1103 1943 1260 1977 libenter
1285 1945 1329 1976 ex
1354 1943 1431 1976 eius
1454 1941 1571 1976 verbis
1595 1941 1755 1977 occasio-

320 1998 404 2020 nem
428 1991 621 2034 arripuisse
661 1996 717 2031 et,
755 1991 963 2024 triremibus
1001 1990 1259 2035 suppeditatis,
1296 1989 1495 2023 abitionem
1519 1987 1576 2021 illi
1602 1987 1754 2032 permit-

319 2038 408 2066 tere.
456 2034 582 2081 Itaque
607 2048 725 2070 rursus
746 2038 819 2070 alio
845 2037 967 2070 triduo
996 2047 1071 2070 rem
1103 2036 1359 2070 deliberationi
1392 2036 1498 2069 iussit
1529 2033 1755 2067 committere

321 2090 478 2124 acquum
514 2094 688 2124 censenS,
719 2095 793 2116 non
825 2082 870 2116 ad
902 2085 979 2117 eius
1017 2083 1232 2116 illiberalem
1267 2083 1426 2115 animum
1452 2081 1653 2126 respicere:
1690 2077 1755 2111 sed

318 2136 494 2169 personae
535 2140 619 2161 suae
644 2130 917 2162 convenientem
951 2130 1083 2163 mentis
1116 2129 1313 2163 celsitatem
1346 2128 1634 2174 patientiamque
1668 2134 1754 2170 prae

319 2182 360 2204 sc
386 2172 501 2214 ferre,
533 2174 682 2208 forsitan
707 2177 803 2208 enim
828 2176 892 2210 illo
916 2177 1033 2221 spatio
1060 2176 1247 2221 quippiam
1271 2180 1514 2219 opportunum
1547 2183 1651 2218 posse
1680 2175 1753 2204 sta-

320 2221 435 2250 tuere.
496 2220 710 2254 Benedictus
745 2222 892 2255 verbum
929 2235 1003 2256 non
1038 2222 1190 2266 amplius
1233 2220 1368 2254 addens
1405 2225 1442 2253 et
1476 2220 1529 2253 ira
1563 2224 1751 2257 aestuans,

322 2265 427 2309 quasi
451 2265 677 2300 intoleranda
701 2274 845 2301 vexatus
871 2269 1022 2310 iniuria,
1051 2268 1193 2302 domum
1221 2267 1377 2301 recessit.
1424 2267 1623 2311 Imperator
1658 2265 1760 2303 facto,

317 2309 549 2355 indignum,
574 2319 778 2357 praesentes
806 2316 980 2348 Romanos
1006 2319 1280 2360 percunctatur,
1309 2323 1393 2347 num
1419 2311 1616 2346 Benedicto
1641 2309 1752 2343 meri-

319 2361 376 2389 tas
407 2358 534 2401 gratias
577 2371 650 2392 non
675 2361 860 2402 retulerit,
894 2362 958 2407 qui
987 2366 1108 2395 tamen
1132 2360 1178 2394 ad
1211 2360 1348 2393 bellum
1381 2358 1514 2393 Chium
1548 2356 1652 2391 tenui
1689 2360 1752 2388 aut

318 2402 424 2435 :nullo
458 2404 593 2438 auxilio
626 2405 757 2438 fuerit:
799 2413 855 2448 et,
893 2408 1070 2453 numquid
1107 2418 1181 2440 non
1214 2407 1307 2440 iusta
1339 2410 1376 2438 et
1409 2404 1455 2438 ad
1518 2401 1752 2446 raescriptum

318 2449 474 2482 rationis
500 2450 545 2482 ab
569 2461 611 2484 eo
645 2453 862 2496 requireret:
897 2466 933 2487 se
967 2456 1063 2488 enim
1087 2465 1161 2487 non
1183 2454 1391 2498 percipere,
1426 2415 1516 2496 quig
1542 2450 1619 2483 eius
1642 2448 1752 2482 verba

318 2495 536 2539 significent.
581 2496 672 2530 Aliis
703 2499 812 2542 igitur
841 2501 879 2532 in
917 2499 1101 2534 hominem
1133 2497 1387 2533 invehentibus
1418 2502 1456 2530 et
1484 2502 1525 2530 ut
1561 2495 1751 2540 insigniter

318 2545 509 2578 vecordem
537 2543 875 2586 condemnantibus,
898 2558 1044 2590 magnus
1066 2545 1280 2579 domesticus
1304 2545 1356 2577 ita
1378 2542 1566 2576 disseruit:
1592 2541 1710 2587 Quam
1728 2549 1749 2572 a

317 2592 463 2625 :ratione
481 2592 638 2625 alienum
656 2602 697 2624 ac
721 2591 873 2624 delirum
897 2592 942 2626 sit
962 2592 1147 2626 Benedicti
1167 2590 1410 2630 desiderium,
1444 2600 1567 2623 omnes
1599 2597 1749 2634 perspe-

321 2643 416 2671 ctum
446 2637 596 2672 habent.
642 2636 728 2671 Ideo
753 2637 841 2683 quid
873 2644 1036 2682 spectans
1070 2644 1142 2671 tam
1172 2637 1306 2683 rigidus
1333 2637 1372 2669 in
1399 2647 1441 2669 eo
1466 2641 1504 2669 et
1532 2634 1749 2680 praefractus

320 2689 524 2729 perseveret
539 2710 548 2726 ,
574 2695 648 2718 non
669 2689 722 2718 est
746 2685 918 2718 curiosius
940 2685 1207 2731 inquirendum.
1257 2682 1485 2717 Censendum
1505 2692 1603 2724 vero,
1634 2679 1749 2713 furio—
