1820 3164
308 62 340 119 5
353 83 372 119 1
385 81 415 119 2
735 103 740 107 -
849 79 1222 127 CANTAcnzm

111 189 296 240 &001339
306 193 378 236 καὶ
403 190 603 250 φλαύρως
633 185 744 247 εἶχον
770 191 886 235 σίτου
913 208 957 236 τε
985 191 1059 235 καὶ
1082 195 1162 235 τῶν
1189 188 1324 237 ἄλλων
1351 184 1733 252 ἐπιτηδείοόνῑιίπο-

307 260 401 316 ρία.
449 256 595 313 καίπερ
628 259 675 299 δὲ
703 254 814 300 οὕτω
844 257 950 314 πρὸς
976 256 1053 313 τὴν
1079 258 1312 315 πολιορκίαν
1339 261 1628 317 ἀνεπιτηδείως
1650 275 1733 305 πα-
1788 315 1791 317 d

268 323 639 380 Βρεσκευασμένοι,
669 321 791 365 οὐδὲν
811 324 970 377 μᾶλλον
991 323 1170 379 ὑφεῖσαν
1189 325 1260 378 τῆς
1285 326 1471 381 πικρίας,
1502 322 1599 369 οὑδὲ
1624 327 1734 382 ἤνεί-

301 403 426 443 χοντο
464 403 566 442 αχρι
603 385 731 442 λόγων
773 403 817 430 το
866 386 1049 430 ὑπείκειν
1089 382 1217 438 αὖθις
1243 391 1430 442 βασιλεῖ·
1466 389 1572 433 ἀλλὰ
1599 391 1734 434 πάντα

302 455 463 507 μᾶλλον
502 446 628 509 ᾤοντο
667 451 932 507 ὑπομενετέον
974 450 1081 495 εἶναι
1137 451 1210 495 καί
1244 454 1325 496 τῶν
1367 454 1472 512 πρὸς
1497 453 1659 513 τροφὴν
1684 452 1760 500 ‹at-5

302 518 485 571 θεμίτων
513 514 743 573 ἅπτεσθαι,
780 514 811 574 ἢ
836 517 1117 574 παραδιδόναι
1143 522 1313 574 βασιλεῖ
1332 518 1410 570 τὰς
1435 521 1597 571 πόλεις.
1649 524 1732 575 βα·-

303 583 446 633 σιλεὺς
474 585 521 626 δὲ
537 578 700 640 ’Ἀρταν
735 583 967 640 ἐπολιόρκει
997 583 1123 634 αὐτὸς
1149 582 1308 641 παρών·
1361 583 1436 627 καὶ
1458 587 1733 642 τειχομαχίας

301 665 348 691 τε
374 651 552 692 ἐποιεῖτο
580 646 779 706 καρτεράς
807 649 879 693 καί
911 657 1097 705 συνεχεῖς
1141 651 1213 693 καί
1250 650 1532 706 μηχανήματα
1568 651 1729 705 πάντα,

302 716 347 767 ἐξ
377 709 435 756 ὧν
474 708 573 771 ᾤετο
610 717 976 771 παραστήσεσθαι,
1006 717 1223 772 προσῆγεν.
1273 711 1466 772 Ἀρταῖοι
1493 716 1540 758 δὲ
1566 731 1730 773 πρωτο-

300 779 509 836 στράτορα
543 781 622 834 μὲν
658 783 734 823 τοῦ
771 780 1054 837 δεσμωτηρίου
1101 778 1359 835 ἐκλαβόντες,
1397 781 1633 836 ἐξέπεμψαν
1670 781 1783 831 ὥςιο

299 847 497 899 βασιλέα,
526 844 608 887 εἴτε
634 842 694 901 μή
722 861 764 887 τι
792 845 1078 902 νεωτερισθειὸ]
1104 847 1206 902 παρ’
1236 842 1368 888 αὐτοῦ
1410 862 1535 889 τινων
1564 846 1731 888 δείσαν-

300 925 369 959 τες
395 911 632 952 συστάντων
659 909 764 967 πρὸς
791 907 944 964 αὑτὸν,
974 909 1053 954 εἴτε
1081 928 1124 953 τι
1151 910 1434 966 διανοηθέντες
1460 913 1620 966 ἕτερον·
1649 909 1732 952 αὖ·

299 977 369 1017 τοί
405 977 451 1018 δὲ
490 974 571 1017 ἀπὸ
608 978 691 1019 τῶν
723 979 869 1030 τειχῶν
906 974 1111 1032 ἧμύνοντο
1148 978 1362 1033 καρτερῶς
1397 975 1472 1019 καὶ
1495 975 1729 1033 ἀπράκτους

298 1039 562 1083 α’πεδείκνυον
588 1041 728 1091 πάσας
753 1040 943 1098 μηχανὰς
969 1041 1043 1084 καὶ
1066 1043 1364 1096 τειχομαχίας.
1399 1043 1643 1099 τριβομένου
1680 1041 1728 1084 δὲ

256 1119 284 1154 c
299 1108 377 1147 τοῦ
401 1105 553 1162 χρόνου
582 1105 688 1149 κατὰ
707 1106 782 1163 τὴν
807 1107 1060 1163 πολιορκίαν,
1092 1107 1190 1164 (ἀπὸ
1210 1106 1289 1164 γὰρ
1318 1102 1418 1164 ἦρος
1439 1107 1624 1162 μάλιστα
1650 1102 1780 1161 oio-15

288 1173 372 1226 χῆς
409 1166 511 1228 ἄχρι
537 1173 706 1228 ἐκβολῆς
744 1174 820 1214 τοῦ
857 1174 1011 1229 θέρους
1038 1174 1346 1229 ἐπολιορκοῦντο
1357 1174 1397 1231 ,)
1439 1170 1542 1228 ἐῇννω
1584 1173 1674 1214 ’δεῖν
1701 1170 1725 1214 ὅ

288 1235 486 1292 βασιλεὺς
523 1237 750 1296 Καβασίλρι
786 1238 845 1287 εἷς
881 1236 1018 1292 Ῥωγαὶ
1069 1237 1266 1281 ἀπελθών
1304 1239 1360 1281 δι’
1400 1234 1557 1281 ἑαυτοῦ
1583 1239 1721 1280 διαλε-

293 1304 472 1357 χθῆναι,
499 1301 675 1356 νομίζων
703 1304 859 1346 πείσειν
890 1303 1144 1347 ὑπενδοῦναι
1171 1305 1245 1358 τῆς
1273 1305 1528 1360 φιλονεικίας
1548 1301 1625 1345 -καὶ
1650 1301 1726 1359 τὴν

299 1367 422 1409 πόλιν
448 1370 709 1423 παραδοῦναι
737 1364 906 1422 ἀμαχεί.
963 1366 984 1410 ὃ
1016 1369 1062 1409 δὲ
1085 1369 1281 1410 τοσοῦτον
1318 1369 1460 1424 ἐδέησε
1484 1367 1556 1411 τοῦ
1581 1366 1724 1411 πείθε-

294 1435 399 1475 σθαι
417 1433 545 1491 αὐτῷ
563 1430 669 1475 ὥστε
697 1435 770 1475 καί
790 1430 1021 1490 ἦπείλησεν,
1041 1431 1098 1482 ὦς
1115 1434 1155 1475 εἶ
1178 1435 1362 1488 συμβαίη
1383 1436 1480 1479 καθ’
1505 1433 1777 1488 ἧντιναοῦνιιο

285 1499 431 1540 αἰτίαν
449 1500 626 1551 βασιλέα
649 1500 822 1554 ἐγκρατῆ
836 1498 1016 1552 Ῥωγοῦς
1030 1501 1237 1552 γενέσθαι,
1262 1496 1608 1553 κατακρημνίσειν
1622 1495 1724 1540 ἑαυ-

286 1560 359 1605 τὸν
379 1560 461 1604 ἀπὸ
484 1564 560 1604 τοῦ
581 1562 756 1619 πύργου,
784 1565 852 1605 ἵνα
872 1561 931 1617 μὴ
957 1564 1039 1614 ζῶν
1062 1561 1204 1616 ἁλοὺς,
1233 1558 1481 1619 ἀναγκασθῇ
1505 1561 1716 1606 δουλεύειν

262 1635 295 1670 D
307 1623 434 1675 αὖθις
451 1630 637 1682 βασιλεῖ.
683 1629 874 1670 τοσοῦτον
893 1623 1120 1682 ἀπεχθείας
1144 1622 1259 1686 αὑτῷ
1277 1625 1350 1669 καί
1361 1625 1536 1683 μήνιδος
1560 1627 1721 1684 περιῆν.

385 1718 438 1743 10.
462 1705 680 1750 ἐκβαλόντες
702 1705 900 1752 legebatur.

288 1774 359 1809 ter,
373 1781 414 1803 ea
440 1781 531 1815 quae
553 1770 625 1803 sibi
651 1774 732 1803 ante
752 1768 977 1815 imperatoris
1002 1767 1194 1802 adventum
1217 1769 1257 1803 in
1282 1766 1404 1802 hieme
1431 1768 1720 1816 conquisissent,

288 1816 459 1850 invehere
484 1815 578 1849 nihil
600 1821 747 1861 possent
771 1821 807 1849 et
842 1827 921 1849 cum
957 1826 977 1848 a
1001 1815 1181 1849 frumento
1197 1839 1206 1856 ‚
1232 1820 1309 1848 tum
1331 1826 1352 1848 a
1377 1815 1516 1861 reliquo
1539 1817 1635 1849 victu
1660 1826 1718 1848 ee.-

287 1868 370 1896 sent
393 1874 564 1908 perquam
588 1863 725 1907 inopes.
775 1862 1000 1908 Quamquam
1023 1873 1106 1896 vero
1135 1862 1181 1895 ad
1199 1860 1423 1895 obsidionem
1447 1861 1718 1906 perpetiendum

287 1909 378 1943 adeo
403 1921 477 1942 non
507 1910 700 1942 instructae
726 1914 867 1949 essent,
896 1907 1013 1941 nihilo
1040 1913 1159 1941 tamen
1186 1908 1297 1951 magis
1323 1907 1553 1942 acerbitatem
1574 1909 1718 1942 minue-

286 1955 396 1989 bant:
421 1966 540 2001 neque
566 1955 610 1988 de
636 1961 754 1988 cetero
778 1954 894 1988 verbis
921 1959 1026 1988 tenus
1053 1955 1266 1999 imperatori
1291 1953 1490 1987 cedendum
1534 1959 1572 1988 et
1606 1954 1715 1988 obse-

287 2001 495 2047 quendum,
523 2001 586 2034 sed
610 2002 730 2034 omnia
754 2000 954 2046 patiunda,
993 2006 1030 2034 et
1052 2001 1150 2034 victu
1176 2000 1420 2034 abominando
1446 1999 1619 2034 utendum
1645 2011 1716 2045 po-

287 2049 360 2081 tius
386 2047 599 2088 censebant,
634 2059 738 2093 quam
778 2053 819 2081 ut
842 2058 919 2080 sese
944 2045 1130 2080 dederent.
1177 2046 1379 2091 Imperator
1402 2046 1524 2080 Artam
1548 2057 1714 2091 praesens

248 2133 251 2137 ⁵
287 2094 497 2134 obsidebat,
527 2105 718 2139 murosque
754 2092 871 2126 valide
907 2093 1205 2138 continenterque
1249 2103 1480 2137 oppugnans,
1531 2092 1738 2130 machinas*

287 2151 410 2173 omnes
454 2141 712 2185 expugnationi
754 2139 901 2173 idoneas
951 2138 1175 2176 admovebat.
1247 2139 1370 2173 Artaei
1417 2143 1714 2184 protostratorem

286 2197 425 2219 carcere
451 2186 618 2219 eductum
639 2186 684 2219 ad
710 2186 811 2219 illum
836 2187 1003 2219 mittunt:
1029 2186 1102 2218 sive
1130 2185 1309 2224 timentes,
1335 2196 1381 2218 ne
1407 2184 1495 2230 quid
1513 2186 1714 2230 inceptaret

285 2234 390 2272 novi,
416 2232 515 2277 quod
540 2232 685 2278 quidam
710 2243 790 2265 cum
817 2243 858 2265 eo
885 2232 1164 2276 conspirassent:
1190 2232 1263 2264 sive
1295 2230 1395 2264 aliud
1418 2229 1589 2276 quiddam
1614 2231 1713 2277 cogi-

293 2283 434 2312 tantes:
459 2279 528 2323 ipsi
554 2289 573 2311 e
597 2279 706 2311 muris
733 2279 875 2312 fortiter
902 2289 940 2312 se
964 2283 1112 2311 tuentur
1141 2288 1335 2322 omnesque
1357 2275 1539 2310 machinas
1574 2282 1610 2311 et
1640 2278 1711 2311 im-

295 2330 400 2370 petus
433 2334 542 2358 vanos
581 2325 773 2370 irritosque
821 2323 1076 2357 demonstrant.
1125 2323 1246 2368 Longo
1273 2328 1431 2366 tempore
1457 2323 1496 2356 in
1520 2323 1711 2358 obsidione

287 2372 440 2405 contrito
463 2370 559 2416 (nam
580 2382 600 2403 a
622 2371 801 2415 principio
821 2372 973 2404 maxime
984 2371 1075 2404 veris
1093 2381 1205 2415 usque
1224 2369 1269 2403 ad
1281 2369 1415 2402 exitum
1435 2370 1579 2403 aestatis
1604 2370 1711 2404 dura-

283 2417 398 2462 verat)
421 2417 612 2461 imperator
632 2415 790 2461 Rhogum
815 2428 852 2450 se
876 2416 1037 2450 conferre
1057 2421 1095 2450 et
1121 2427 1200 2449 cum
1221 2415 1381 2448 Cabasila
1409 2426 1525 2448 coram
1547 2416 1710 2462 colloqui

283 2462 467 2503 decrevit,
499 2474 748 2507 persuasurum
783 2464 958 2503 confisus,
989 2467 1030 2496 ut
1060 2463 1196 2496 sensim
1230 2461 1431 2502 emollitus,
1457 2461 1583 2495 urbem
1618 2463 1709 2496 eitra

280 2520 439 2553 pugnam
462 2509 555 2543 ultro
580 2508 744 2542 traderet.
793 2509 866 2553 Qui
892 2520 1006 2554 usque
1039 2508 1129 2542 adeo
1157 2507 1304 2541 monitis
1328 2518 1401 2540 non
1430 2507 1706 2552 obtemperavit,

280 2561 323 2589 ut
348 2557 545 2588 minaretur
569 2556 694 2595 etiam,
726 2555 756 2587 si
782 2555 903 2600 quavis
928 2554 1073 2588 tandem
1098 2554 1142 2587 de
1176 2563 1279 2587 causa
1316 2553 1566 2596 imperatorem
1591 2554 1706 2599 Rhogi

280 2607 481 2646 compotem
500 2602 577 2635 fieri
598 2601 831 2646 contingeret,
851 2607 964 2636 semet
988 2600 1034 2634 de
1053 2600 1142 2634 turri
1157 2599 1482 2645 praecipitaturum,
1508 2610 1553 2633 ne
1581 2605 1705 2645 captus

279 2647 410 2684 iterum
433 2647 490 2683 illi
512 2648 644 2684 servire
666 2652 861 2694 cogeretur.
910 2648 1067 2683 Tantum
1090 2648 1129 2682 in
1165 2657 1207 2681 eo
1232 2645 1356 2680 odium
1379 2650 1416 2681 et
1436 2645 1488 2682 ira
1501 2646 1678 2683 valebant.
