1832 3138
278 131 298 166 1
317 131 336 167 1
347 110 384 167 6
808 119 1181 167 CANTACUZENI

76 231 157 267 ac.
177 230 448 283 ιὸαιμένους,
471 228 516 278 ἕξ
541 224 742 282 ἐκατέρου
770 224 878 282 πρὸς
917 223 992 268 τὸν
1014 225 1157 281 ἕτερον
1182 227 1358 279 βασιλέα
1394 230 1469 274 τὸν
1500 229 1715 287 μερισμόν

269 293 541 349 περιέχοντας
563 285 623 334 ὧν
649 285 823 347 ἄρξουσι
841 289 1015 344 πόλεων,
1037 292 1110 332 καί
1131 296 1220 340 τοῖς
1247 290 1564 348 ὄμωμοσμένοις
1580 297 1713 350 ἐμμε-ι

268 364 354 402 νεῖν
379 355 570 413 ἑκάτερον
597 357 962 412 ἰσχυριζομένους,
991 355 1048 405 ὥς
1076 349 1153 409 ἂν,
1179 357 1221 398 εἰ
1240 356 1392 413 ἀρεστὰ
1417 361 1556 416 δοκοίη
1576 361 1713 404 ταῦτα

269 420 454 481 κάκείνῳ,
482 427 569 472 τοῖς
585 420 722 479 ἱεροῖς
749 422 1004 477 εὕαγγελίοις
1030 419 1126 471 τούς
1155 417 1306 478 ὅρκους
1331 424 1508 476 πιστοῦς
1533 425 1711 482 ποιήσας

270 487 344 532 καὶ
379 488 647 545 ὑπογραφαῖς
683 487 755 544 τῆς
792 488 946 536 οἰκείας
985 484 1127 543 χειρὸς
1165 489 1391 545 έρυθραῖς,
1434 492 1581 549 πέμψῃ
1608 489 1738 548 πρὸς5

269 550 420 606 αὐτὸν,
456 548 584 603 αὖθις
619 551 672 596 τὰ
701 553 775 596 ἴσα
813 549 1006 596 κοῖκείνου
1045 551 1283 609 ὃράσοντος.
1338 553 1430 597 ἐπεὶ
1456 556 1503 598 δὲ
1530 554 1617 598 ἔδει
1643 556 1718 598 καί

275 620 358 662 τῶν
386 620 434 662 ἐκ
460 620 537 661 τοῦ
562 620 656 661 νέου
684 619 891 672 βασιλέως
917 616 1011 660 τινὰ
1040 623 1248 674 παρεῖναι,
1274 617 1374 669 τούς
1390 618 1624 678 ἐγγράφους
1642 617 1723 678 ὃρ-’

273 699 374 734 κους
410 682 712 737 ἅποκομίσοντα
730 717 744 737 ,
784 682 806 727 ὅ
825 683 1194 740 παρακοιμώμενος
1214 684 1486 740 Ἀπόκαυχος
1507 685 1716 728 dnm-42.-

270 752 391 791 λεται
417 747 533 805 παρὰ
571 750 648 790 τοῦ
686 746 871 803 μεγάλου
909 749 1180 802 δομεστίκου,
1208 749 1285 790 τοῦ
1312 747 1571 806 Συργιοίννου
1610 748 1718 806 πρὸς

172 820 209 858 Ρ.
221 814 387 860 ’74τοῦτο
414 815 644 863 πείσαντος.
698 816 772 870 τῆς
797 816 939 867 μέντοι
963 815 1172 868 βασιλέως
1202 814 1381 868 ἀνεψιᾶς
1407 812 1514 872 πρὸς
1539 814 1772 870 βασιλέαιο

268 881 328 930 εἷς
367 879 603 932 Βυζάντιον
640 880 892 936 ἀφιγμένης,
937 879 1014 922 καί
1046 879 1143 929 τούς
1173 895 1219 922 τε
1263 878 1412 935 λόγους
1444 882 1522 924 τοῦ
1555 879 1719 936 ἐγγόνου

269 945 344 988 καί
369 948 600 1000 βασιλέως,
635 943 701 987 ἔτι
729 946 776 988 δὲ
803 944 878 986 καὶ
911 944 990 1001 τὴν
1030 944 1198 1001 εἰρήνην
1235 947 1308 988 καί
1357 947 1428 1003 ἐφ’
1464 940 1528 996 οἷς
1561 945 1722 1001 ἐγένετο

269 1010 599 1066 ἀπαγγειλάσης,
642 1012 787 1066 πρῶτα
824 1012 903 1064 μὲν
946 1008 1138 1066 ἔκπληξις
1187 1007 1275 1065 εἶχε
1311 1009 1385 1054 τὸν
1412 1012 1612 1066 βασιλέα,
1649 1012 1723 1054 καί

269 1073 422 1130 σχεδὸν
441 1071 607 1131 ἠπίστει
625 1080 711 1125 τοῖς
732 1078 982 1131 λεγομένοις.
1037 1077 1131 1118 ἐπεὶ
1154 1076 1200 1118 δὲ
1219 1077 1409 1119 ἐπείθετο
1435 1076 1576 1133 ἀληθῆ
1597 1072 1721 1130 εἶναι,
1750 1116 1755 1118 ς
1777 1084 1782 1092 ”

271 1141 407 1196 ἡδέως
440 1156 487 1182 τε
514 1142 682 1192 ἐδέξατο
711 1139 787 1196 την
815 1140 1006 1198 εἰρήνην,
1035 1143 1108 1183 καί
1133 1143 1192 1198 τῷ
1221 1140 1373 1201 ἑγγόνῳ
1399 1140 1582 1199 χάριτας
1605 1141 1773 1196 oripo-15
1831 1192 1832 1199 ἵ

273 1204 389 1260 λόγει
415 1206 590 1255 πολλάς·
633 1206 880 1262 συναγαγών
908 1208 947 1249 δ’
975 1208 1020 1249 έν
1046 1208 1275 1260 βασιλείοις
1312 1206 1446 1256 εὐθυς
1481 1205 1578 1256 τοὺς
1595 1207 1642 1250 ἐν
1667 1203 1722 1264 τῇ
1831 1202 1832 1211 ³

274 1270 598 1314 Κωνσταντίνου
629 1270 879 1326 εὑρεθέντας
916 1271 1168 1328 α’ρχιερέας,
1207 1270 1305 1322 τούς
1331 1287 1377 1313 τε
1405 1268 1556 1328 ὅρκους
1581 1271 1722 1315 ἐπετέ-

274 1339 339 1377 λει
355 1355 373 1389 ,·
408 1336 483 1378 καὶ
506 1336 577 1378 τὸν
604 1334 810 1393 πρότερον
837 1338 1136 1393 ἐκφωνηθέντα
1174 1335 1282 1378 κατὰ
1323 1338 1402 1379 τοῦ
1430 1338 1523 1379 νέου
1550 1337 1723 1391 βασιλέ-

275 1417 334 1450 ως
360 1403 433 1443 καί
458 1402 542 1443 τῶν
569 1399 780 1443 συνόντων
808 1402 970 1443 διέλυεν
1000 1399 1264 1458 οἷφορισμὸν,
1292 1400 1472 1455 βασιλέα
1500 1401 1628 1445 πάλιν
1652 1398 1723 1444 τὸν

274 1465 440 1521 ἔγγονον
466 1465 666 1515 κελεύσας
693 1465 766 1508 καί
790 1463 896 1508 εἶναι
922 1465 996 1509 καί
1022 1463 1316 1519 ὀνομάζεσθαι.
1341 1467 1508 1520 μέλλων
1534 1468 1574 1508 δ’
1595 1461 1777 1519 αὖθιςᾞ)

275 1529 350 1586 τήν
376 1526 510 1586 αὖτὴν
537 1529 720 1585 ἀνεψιὰν
749 1528 882 1574 αὖτοῢ
910 1529 1015 1588 πρὸς
1037 1533 1214 1586 βασιλέα
1241 1530 1314 1574 τὸν
1341 1533 1435 1574 νέον
1461 1533 1638 1585 πέμπειν
1665 1531 1725 1582 αἱς

239 1594 379 1645 Βτοῦς
405 1598 504 1650 παρ’
548 1596 708 1638 ἐκείνου
735 1599 975 1653 ληψομένην
1003 1594 1175 1653 ὅρκους,
1211 1595 1436 1650 α’νιώμενος
1462 1593 1529 1638 ὅτι
1553 1595 1614 1652 μὴ
1642 1598 1725 1639 τῶν

276 1656 326 1703 εὗ
353 1661 580 1715 γεγονότων
604 1678 694 1716 τις,
723 1662 816 1704 ἄλλ’
839 1662 1103 1716 Ἀπόκαυχος
1129 1660 1202 1704 ἐπὶ
1225 1660 1271 1704 τὸ
1294 1660 1394 1711 τούς
1419 1658 1566 1718 ὅρκους
1586 1678 1726 1718 παρα-

276 1728 419 1780 λαβεῖν
446 1725 700 1781 ἀπέσταλτο,
728 1726 811 1783 ἔφη
838 1726 944 1783 πρὸς
970 1723 1116 1782 αὗτήν·
1171 1727 1290 1781 ,,Τῆς
1311 1728 1392 1780 μὲν
1410 1727 1470 1777 εἰς
1487 1727 1563 1781 ἐμὲ
1578 1728 1726 1777 αἰδοῦς

374 1833 426 1857 12·
451 1819 605 1869 εἰρήνην
629 1820 694 1855 καὶ
717 1819 778 1867 ἐφ’
805 1814 864 1858 οἷς
887 1820 1015 1864 scripsi
1036 1831 1103 1866 pro
1131 1819 1199 1867 εῑρ.
1226 1816 1296 1862 τὴν
1317 1818 1378 1866 ἐφ’
1402 1812 1469 1858 οἷς.

276 1914 417 1950 menta,
457 1915 496 1943 et
521 1908 642 1950 urbes,
667 1919 754 1954 quas
786 1908 879 1942 alter
907 1907 1012 1942 alteri
1033 1919 1099 1953 per
1122 1908 1358 1954 partitionem
1384 1909 1612 1951 attribueret,
1636 1920 1724 1944 con-

277 1957 454 1997 tinentia,
490 1961 527 1989 et
559 1961 754 2000 utrumque
779 1956 897 1988 iurata
919 1956 1179 2000 praestiturum
1203 1955 1442 1990 affirmantia:
1477 1961 1519 1990 ut
1543 1957 1573 1990 si
1598 1957 1723 1991 eadem

279 2004 336 2035 illi
367 2003 626 2047 probarentur,
661 2001 837 2034 adhibitis
868 2002 976 2035 sacris
1013 2001 1209 2046 evangeliis
1242 2006 1279 2035 et
1310 2003 1459 2036 miniata
1484 2013 1612 2036 manus
1635 2013 1723 2036 suae

279 2049 546 2093 subscriptione
584 2047 655 2081 fide
681 2052 901 2082 sacramento
933 2047 1147 2088 conciliata,
1181 2047 1255 2081 sibi
1290 2047 1437 2082 eosdem
1461 2047 1559 2082 idem
1582 2049 1723 2082 facturo

280 2096 490 2128 remitteret.
541 2094 711 2128 Ceterum
743 2095 830 2140 quia
861 2093 906 2126 de
932 2093 1056 2126 amicis
1083 2093 1236 2127 iunioris
1268 2093 1496 2140 imperatoris
1529 2095 1725 2140 oportebat

281 2152 372 2182 esse,
397 2142 461 2186 qui
486 2141 690 2185 conscripta
714 2141 917 2173 iuramenta
942 2138 1161 2183 deportaret,
1185 2151 1293 2174 suasu
1319 2141 1524 2186 Syrgiannis
1550 2153 1572 2175 a
1593 2152 1722 2185 magno

282 2186 480 2220 domestico
505 2186 665 2220 cubiculi
690 2186 780 2219 sacri
806 2186 1033 2230 praepositus
1056 2185 1294 2230 Apocauchus
1325 2187 1511 2232 deligitur.
1561 2187 1632 2221 Ubi
1652 2188 1722 2231 By-

280 2234 438 2266 zantium
462 2243 604 2269 reversa
628 2232 881 2277 Palaeologina
902 2233 1109 2276 imperatori
1132 2231 1229 2267 dicta
1251 2233 1395 2277 nepotis
1431 2237 1468 2266 et
1489 2244 1615 2277 pacem
1639 2244 1722 2268 cum

282 2279 553 2313 conditionibus
578 2276 768 2312 admissam
793 2279 972 2322 exposuit,
997 2279 1061 2312 ille
1084 2279 1239 2322 primum
1268 2280 1319 2312 sic
1340 2280 1447 2313 obstu
1475 2281 1542 2321 uit,
1567 2285 1609 2314 ut
1627 2290 1723 2325 quae

282 2326 498 2359 dicebantur
521 2326 582 2358 vix
609 2324 781 2358 crederet.
830 2325 970 2358 Tamen
993 2330 1034 2357 ut
1058 2324 1166 2357 fldem
1190 2324 1379 2367 adiunxit,
1414 2326 1442 2358 li
1471 2331 1574 2359 enter
1595 2337 1722 2372 pacem

282 2375 423 2416 accepit
459 2377 497 2405 et
527 2371 655 2415 nepoti
687 2371 816 2416 gratias
847 2382 921 2404 non
945 2371 1108 2415 vulgares
1139 2370 1288 2411 habuit,
1313 2373 1506 2417 statimque
1530 2372 1722 2417 episeopis,

282 2420 348 2463 qui
372 2417 690 2462 Constantinopoli
714 2422 791 2450 tum
826 2417 1127 2457 inveniebantur,
1157 2417 1196 2450 in
1219 2418 1399 2462 palatium
1423 2418 1569 2460 accitis,
1603 2419 1723 2453 iusiu-

282 2463 437 2499 randum
464 2463 585 2507 dedit3
614 2469 651 2496 et
666 2474 782 2508 nuper
804 2465 843 2497 in
868 2468 1037 2507 nepotem
1061 2464 1211 2508 eiusque
1235 2463 1428 2497 factionem
1449 2465 1723 2509 pronuntiatam

284 2510 487 2544 devotionis
516 2510 733 2544 sententiam
756 2514 969 2550 retractans,
999 2521 1120 2542 rursus
1147 2510 1397 2554 imperatorem
1425 2516 1462 2543 et
1484 2521 1561 2544 esse
1588 2516 1625 2544 et
1649 2522 1721 2544 no·-

283 2557 415 2591 minari
450 2557 568 2591 iussit.
619 2556 779 2589 Eandem
802 2567 908 2601 porro
934 2556 1118 2589 amitinam
1139 2556 1268 2589 iterum
1293 2555 1340 2589 ad
1376 2556 1482 2590 illum
1511 2557 1589 2590 eius
1613 2556 1720 2591 adiu-

283 2604 388 2637 randi
406 2603 603 2644 missurus,
648 2603 775 2636 dolens
817 2614 891 2636 nou
921 2602 1079 2647 aliquem
1111 2601 1320 2637 honestiore
1359 2602 1440 2637 loco
1477 2608 1623 2644 natum,
1654 2602 1720 2637 sed

282 2648 538 2694 Apocauchum
561 2648 606 2682 ad
634 2649 878 2682 iuramentum
912 2647 1148 2682 deferendum
1173 2648 1338 2689 venisse,
1372 2649 1424 2682 sic
1454 2659 1533 2682 eam
1561 2649 1721 2694 compel-

281 2695 358 2731 lat:
386 2695 495 2742 Quod
525 2706 638 2742 nepos
669 2706 772 2730 meus
788 2694 878 2730 adeo
906 2705 964 2730 me
994 2699 1185 2730 veneratur
1218 2701 1256 2730 et
1289 2695 1398 2737 colit,
1428 2705 1579 2741 meaque
1616 2706 1719 2730 causa
