1832 3132
299 61 411 130 456
820 73 1190 119 mmAcuzrm

108 189 146 223 A.
164 188 292 225 (221330
304 184 405 237 ρι’ων
431 179 692 228 συλλέξοντος
721 176 794 218 καὶ
817 173 962 232 ἑτέραν
991 176 1203 232 ἀρκοῦσαν
1229 175 1333 232 πρὸς
1359 176 1407 219 τὸ
1437 176 1582 233 ἔργον.
1608 178 1723 221 ἔπεσί-

296 250 392 288 θετο
417 245 495 297 μὲν
522 237 598 282 οὖν
627 240 649 282 ὅ
674 238 870 294 βασιλεὺς
898 239 1039 293 εὐθὺς,
1067 243 1140 282 καί
1162 242 1218 296 τῆ
1219 257 1239 290 ς
1265 240 1370 297 πρὸς
1390 242 1566 297 Πέρσας
1586 239 1722 297 εἴχετο

296 309 403 355 ὁδοῦ.
438 306 459 348 ὃ
486 306 533 347 δὲ
571 304 630 354 οἷς
655 302 838 357 μάλιστα
871 305 977 359 ἐνῆν,
1006 304 1128 354 ὀξέως
1155 306 1358 361 ἀθροίσας
1385 305 1595 361 στρατιὰν,
1622 321 1724 349 συν-

295 374 406 426 έμιξε
432 373 487 427 τῷ
514 373 688 424 βασιλεῖ’·
720 370 790 410 καί
814 369 920 423 μετα
947 372 1078 425 μέσην
1104 370 1264 425 ἡμέραν
1303 373 1398 412 καθ’
1426 369 1457 413 οἳ
1482 369 1522 413 οἱ
1549 369 1720 426 Πέρσαι

294 437 501 492 ἐληΐζοντο
529 437 708 489 ἐγένοντο
736 435 894 491 χωρία.
950 436 1022 476 καί
1055 437 1270 490 γενομένης
1310 431 1463 478 αὐτόθι
1499 437 1748 493 συμβολῆς,5

293 499 466 543 ἐπιπολύ
504 502 583 554 μὲν
628 496 826 554 οἷντέσχον
865 498 902 542 οἱ
939 502 1111 554 Πέρσαι
1139 497 1208 541 διὰ
1244 497 1292 541 τό
1322 499 1587 557 δυσπρόσοδα
1615 497 1723 544 εἶναι

293 565 347 608 τὰ
370 565 510 622 χωρία
537 566 611 608 καί
642 563 782 621 ὑλώδη
811 566 879 621 ἐφ’
911 561 943 606 οἳ
973 567 1178 620 ἐγεγένητο
1205 563 1381 621 ἧμάχη·
1409 561 1507 623 ὅπερ
1534 565 1609 609 οὒκ
1638 565 1724 612 ὀλί-

291 647 364 685 γον
389 629 660 685 συνεβάλλετο
689 632 863 688 στρατιᾷ
898 632 947 687 τῇ
973 632 1166 687 Περσικῇ
1203 625 1306 689 οἷ’)’σῃ
1344 631 1471 688 πεζῇ.
1518 630 1639 692 τέλος
1674 632 1722 675 δὲ

167 708 283 748 P.279
292 697 398 739 κατὰ
424 697 568 752 κράτος
597 697 827 750 νικηθέντες
855 693 1165 751 διεφθάρησαν,
1194 693 1233 737 οἱ
1258 697 1338 749 μὲν
1365 693 1532 746 ἁλόντες
1559 696 1718 751 ζῶντες,
1830 744 1832 750 ,

297 760 336 803 οἱ
363 763 408 805 δὲ
435 759 624 809 πεσόντες
650 758 763 817 παροὶ
784 758 860 815 τὴν
885 760 1037 815 μάχην·
1067 756 1157 802 ὅσοι
1183 761 1228 802 δὲ
1254 762 1313 810 εἷς
1339 760 1414 817 τὴν
1440 757 1544 817 ὅλην
1565 760 1775 817 ἤδυνή-ιο
1828 758 1832 799 ἕ

296 830 434 882 θησαν
464 828 703 882 διαφυγεῖν,
731 827 773 875 ές
798 824 874 880 τὴν
898 825 1119 881 ὑστεραίαν
1144 823 1356 880 γενόμενοι
1381 826 1494 884 παρὰ
1520 824 1594 877 τὰς
1618 829 1723 878 ναῦς
1830 824 1832 834 ²

297 891 377 946 τοὶς
403 889 577 943 ἑαυτῶν,
604 889 677 939 τὰς
702 893 780 944 μὲν
809 889 953 939 λοιπὰς
981 890 1142 940 ἁπάσας
1167 893 1394 947 ἐνέπρησαν
1418 890 1528 948 πυρί
1535 908 1547 919 ·
1571 892 1646 934 δύο
1675 893 1723 935 δὲ

296 957 583 1012 πληρώσαντες
611 954 757 1012 (μόνοι
793 954 873 1011 γὰρ
902 958 1090 998 τοσοῦτοι
1127 956 1423 1014 ὑπελείποντο)
1450 956 1723 1014 ἀνεχώρησαν

296 1022 362 1064 ἐπ’
389 1019 516 1062 οἴκου.
554 1018 780 1074 ε,Ρωμαίων
806 1022 850 1062 δὲ
879 1019 983 1062 κατὰ
1014 1019 1088 1076 την
1113 1023 1254 1076 μάχην
1296 1019 1440 1065 ἔπεσον
1465 1024 1543 1075 μὲν
1573 1020 1717 1078 ὄλίγοι,
1829 1068 1832 1069 ⁷

295 1085 546 1142 τραυματίαι
589 1087 636 1128 δὲ
687 1087 869 1139 ἐγένοντο
907 1086 978 1127 καί
1023 1081 1234 1142 ἅνθρωποι
1274 1085 1348 1129 καὶ
1382 1088 1502 1130 ἵπποι
1529 1090 1776 1133 auhsau&

296 1154 454 1194 ἐκεῖθεν
482 1152 528 1193 δὲ
557 1149 578 1191 ὃ
607 1149 801 1204 βασιλεὺς
828 1150 1027 1193 εἰσελθών
1062 1152 1120 1201 εἷς
1150 1151 1480 1208 Θεσσαλονίκην,
1525 1149 1723 1209 ηὔλίσωτο

298 1219 387 1259 ἐκεῖ
407 1218 476 1272 ἐφ’
504 1214 666 1266 ἱκαναῖς
693 1215 893 1272 ἡμέραις.
949 1214 1204 1272 Συργιάννης
1243 1219 1290 1259 δὲ
1330 1217 1409 1260 ἀπὸ
1442 1219 1520 1260 τοῦ
1545 1233 1724 1275 στρατο-

296 1283 424 1323 πέδου
450 1282 533 1324 τῶν
561 1280 717 1323 οἰκείων
745 1280 1069 1336 ἓξπαραλαβών
1094 1285 1166 1324 καί
1189 1282 1463 1338 Σφραντζὴν,
1501 1282 1722 1340 τριάκοντα

258 1349 367 1393 13καί
394 1345 521 1388 αὐτὸν
547 1345 795 1400 ἐπαγόμενον
822 1348 903 1388 τῶν
933 1348 1117 1400 οἰκετῶν,
1144 1347 1202 1397 εἰς
1229 1346 1416 1400 ποταμόν
1440 1364 1531 1390 τινα
1559 1347 1609 1390 οὗ
1639 1348 1723 1390 τοῖν

299 1407 481 1453 ἇεννάων
507 1413 548 1453 Γ
545 1409 696 1453 αλυκὸν
719 1411 1008 1464 ὠνομασμένον
1047 1408 1097 1452 οὗ
1124 1409 1291 1467 μακράν
1319 1413 1621 1468 Θεσσαλονίκης
1647 1411 1777 1468 (is-20

300 1491 424 1530 οντα,
470 1475 682 1533 ῥᾳστώνης
708 1471 811 1531 ἦλθε
839 1475 966 1532 χάριν
1008 1476 1081 1518 καί
1104 1479 1372 1533 παραψυχῆς.
1404 1475 1648 1533 Σφραντζὴς
1674 1479 1721 1520 δὲ

300 1541 426 1583 αὐτὸν
450 1541 575 1594 μόνον
598 1535 677 1596 ἤδη
706 1536 1092 1598 ἇναπειλημμένον,
1123 1542 1196 1583 καὶ
1221 1539 1268 1582 τό
1296 1543 1374 1595 μὲν
1415 1540 1721 1595 συλλαμβάνειν

299 1606 348 1648 οὔ
373 1606 556 1660 μάλιστα
585 1601 632 1648 ὂν
659 1602 849 1662 εὐχερὲς,
900 1606 1068 1662 (ἐδεδίει
1100 1605 1178 1663 γὰρ
1205 1605 1264 1661 μὴ
1294 1606 1528 1662 αἰσθήσεως
1553 1609 1722 1661 γενομέ-

298 1687 368 1725 νης
395 1672 440 1712 ἐν
465 1671 520 1728 ,τῷ
547 1672 806 1731 στρατοπέδῳ
835 1671 1096 1717 ἄπόλλωνται
1134 1672 1454 1729 διαφθαρέντες)
1493 1670 1645 1729 ῥᾷστον
1672 1671 1720 1714 δὲ

298 1805 459 1846 tempore
483 1802 588 1835 aliam
612 1813 766 1844 manum,
792 1806 927 1848 quanta
953 1803 1005 1836 rei
1028 1802 1214 1845 sufficeret,
1237 1802 1453 1839 collecturus
1479 1807 1583 1838 esset.
1617 1803 1722 1838 Paret

299 1853 458 1880 actutum
482 1848 694 1893 imperator,
722 1850 761 1883 in
785 1850 904 1882 Persas
927 1849 1019 1882 viam
1041 1851 1199 1887 molitur.
1223 1849 1446 1884 Domesticus
1469 1861 1575 1896 quam
1598 1855 1720 1896 potest

301 1894 466 1927 celeriter
490 1895 535 1927 ad
560 1906 639 1927 eum
662 1895 794 1929 milites
819 1901 1029 1940 congregat:
1055 1908 1096 1929 ac
1119 1895 1315 1929 secundum
1327 1895 1514 1930 meridiem
1536 1895 1601 1930 ubi
1615 1896 1655 1929 in
1678 1907 1721 1930 ea

298 1940 376 1982 ipsa
401 1940 481 1974 loca
507 1940 751 1982 devenerunt,
777 1952 868 1987 quae
896 1942 1021 1975 Persae
1046 1942 1586 1989 depopulabanturscommisso
1609 1953 1719 1988 proe-

298 1985 350 2018 lio
373 1984 492 2019 hostes
517 1985 578 2019 diu
604 1997 640 2019 se
665 1986 924 2021 defenderunt:
957 1995 1145 2032 propterea
1169 1989 1266 2034 quod
1290 1999 1332 2022 ea
1355 1990 1452 2034 regio
1475 1993 1620 2032 propter
1650 1999 1719 2022 ne-

298 2041 435 2064 morum
460 2032 670 2065 densitatem
693 2033 854 2067 difficiles
880 2033 1038 2067 habebat
1058 2035 1198 2068 aditus:
1222 2035 1262 2071 id
1286 2034 1383 2080 quod
1406 2035 1531 2075 Persis,
1555 2045 1634 2067 cum
1658 2045 1720 2068 es-

299 2081 380 2109 sent
406 2077 590 2121 pedestres
608 2103 617 2118 ,
642 2090 715 2112 non
739 2090 863 2124 parum
887 2080 1065 2124 proderat.
1114 2080 1273 2114 Tandem
1295 2082 1332 2116 vi
1359 2091 1493 2114 summa
1515 2081 1615 2121 victi,
1635 2092 1719 2125 par-

298 2122 365 2154 tim
390 2124 616 2164 ceciderunt,
639 2126 769 2169 partim
795 2127 888 2170 capti
912 2132 1004 2159 sunt.
1031 2127 1220 2172 Quotquot
1243 2131 1362 2161 autem
1388 2128 1427 2160 in
1453 2126 1559 2160 silvas
1585 2137 1623 2159 se
1650 2127 1719 2160 ab-

273 2167 385 2200 «dere
407 2174 624 2212 potuerunt,
654 2176 793 2214 postera
815 2172 894 2205 luce
919 2172 964 2206 ad
988 2184 1093 2207 naves
1119 2184 1196 2206 suas
1222 2174 1379 2213 reversi,
1401 2173 1550 2217 reliquis
1575 2171 1719 2206 inflam-

298 2214 424 2253 matis,
450 2214 536 2248 duas
564 2217 830 2260 compleverunt
848 2217 917 2263 (tot
939 2219 1033 2252 enim
1050 2219 1094 2252 de
1112 2218 1354 2264 praedonibus
1374 2219 1447 2252 illis
1469 2218 1717 2252 tantummodo

299 2259 496 2306 restabant)
536 2273 576 2294 ac
609 2261 751 2295 domum
784 2270 1029 2307 properarunt.
1084 2266 1318 2299 Romanorum
1356 2264 1462 2309 pauci
1496 2264 1715 2307 desiderati3

299 2306 447 2350 plurimi
472 2310 510 2339 et
534 2307 667 2341 milites
711 2314 747 2342 et
788 2310 872 2354 equi
896 2311 1086 2344 vulnerati.
1146 2312 1244 2345 Idem
1267 2312 1459 2356 imperator
1484 2309 1717 2344 Thessaloni-

299 2362 377 2385 cam
400 2352 596 2396 ingressus,
621 2353 698 2387 dies
724 2354 776 2388 ibi
801 2356 1002 2399 complures
1029 2357 1183 2401 agitavit.
1241 2357 1453 2402 Syrgiannes
1478 2367 1558 2389 cum
1580 2366 1643 2389 sex
1668 2355 1715 2390 de

298 2406 363 2430 sno
387 2398 544 2431 exercitu
569 2401 776 2443 assumptis,
801 2406 838 2434 et
862 2401 1064 2446 Sphran‘ze,
1097 2414 1203 2448 quem
1227 2407 1263 2436 et
1286 2404 1403 2448 ipsum
1428 2402 1575 2446 triginta
1599 2403 1716 2436 comi-

299 2442 487 2483 tabantur,
521 2443 566 2476 ad
597 2444 746 2480 fluvium
781 2448 966 2492 quemdam
996 2460 1068 2482 non
1095 2459 1311 2492 perennem,
1345 2447 1515 2491 Galycum
1539 2447 1715 2483 vocabulo

298 2500 371 2521 non
395 2489 518 2533 procul
541 2500 562 2522 a
586 2489 851 2532 Thessalonica,
876 2495 984 2527 animi
1010 2494 1153 2527 levandi
1175 2496 1332 2531 accessit.
1379 2493 1574 2537 Sphranzes
1597 2493 1714 2527 solum

298 2535 369 2567 iam
394 2539 431 2567 et
454 2535 690 2580 interceptum
713 2537 849 2578 videns,
874 2550 1027 2585 eumque
1052 2540 1362 2584 comprehendere,
1387 2538 1482 2573 haud
1507 2550 1586 2572 esse·
1606 2540 1713 2572 facile

298 2580 410 2625 (quod
434 2581 597 2620 timeret,
621 2593 667 2615 ne
692 2584 722 2616 si
746 2583 784 2616 id
809 2585 847 2616 in
872 2587 994 2617 castris
1018 2587 1230 2626 sentiretur,
1255 2597 1334 2619 cum
1362 2586 1435 2619 suis
1459 2584 1529 2618 sibi
1554 2596 1713 2629 pereun-

299 2625 382 2662 dum
407 2626 514 2674 esset)
537 2627 716 2665 trucidate
741 2634 859 2663 autem
898 2631 1109 2668 facillimum
1123 2656 1133 2674 ‚
1170 2632 1417 2678 imperatoriae
1448 2631 1711 2677 praeceptionis
