1832 3138
268 121 338 185 26
769 119 1138 171 CANTAcUzEm

72 247 162 290 ΑΛΒ,
177 249 262 285 1320
276 235 434 292 ἔσχατα
467 232 752 288 ’ὑπομένοντας
788 230 863 274 τὸν
898 223 1104 288 προῦπτον
1133 228 1321 270 κίνδυνον
1349 223 1712 286 οἷποδιδράσωειυ,”

263 303 337 345 καί
358 302 490 344 ταῦτα
516 300 596 352 μὲν
620 296 819 352 βασιλεὺς
846 295 871 338 ὅ
899 297 1001 345 νέος.

157 371 197 411 Ρ.
211 371 256 412 19
372 368 405 412 έ,
431 365 479 407 ‘O
505 362 552 406 δέ
565 377 611 418 γε
629 360 907 419 πρεσβύτερος
930 361 987 418 τῷ
1002 358 1107 416 πρὸς
1119 358 1190 402 τὸν
1204 356 1370 413 ἔγγονον
1385 355 1502 412 μίσει
1516 355 1593 415 τὴν
1609 372 1714 419 καρ-

266 434 362 476 δίοιν
388 432 546 485 μᾶλλον
571 429 789 480 οἰδαίνων,
819 426 1007 481 οἷγγέλλει
1046 423 1117 466 διά
1147 439 1258 473 τινος
1287 424 1400 481 αὐτῷ
1425 425 1510 468 τῶν
1537 428 1714 482 συγκλη-

265 497 404 539 τικῶν·
431 491 586 547 „alosa
615 490 696 549 πρὸ
724 492 874 549 καιροῦ
901 506 1009 542 τινος
1037 487 1316 545 αἰτησάμενός
1340 504 1396 542 με
1423 487 1468 532 τὸ
1493 489 1738 544 βασιλικὸν5

266 558 504 603 ἀποθέσθαι
531 560 677 614 σχῆμα
705 555 780 599 καί
805 558 865 606 εἷς
895 555 1064 599 ἰδιώτου
1093 553 1212 605 τάξιν
1238 557 1383 596 τελεῖν.
1439 552 1520 609 ἐγώ
1551 555 1599 598 δὲ
1618 553 1712 597 τότε

264 628 343 680 μὲν
372 623 656 680 οἷπεκρινάμην
684 619 764 665 ὅσα
778 623 973 678 προσῆκε,
1002 621 1078 663 νῦν
1095 621 1134 662 δ’
1150 615 1337 671 ἐξετάσει
1354 617 1400 661 τό
1415 620 1588 675 πρᾶγμα
1616 618 1716 670 δοὺς

265 692 338 733 καί
363 691 498 738 καλῶς
525 687 637 744 ἔχειν
664 685 921 744 ἡγησάμενος
948 683 1049 742 ὅπερ
1083 687 1237 738 αἰτεῖς,
1266 683 1341 727 καὶ
1364 683 1573 742 βούλομαι
1591 686 1713 728 τοῦτο

266 755 339 798 καί
363 757 432 798 σοι’
459 756 581 810 δῆλον
609 755 730 796 ποιῶ.
770 752 793 794 ὅ
834 751 975 806 μέντοι
1003 750 1080 807 τὴν
1106 752 1324 806 βασιλείαν
1351 747 1714 804 διαδεξόμενοςέν

265 823 315 879 τῇ
341 820 483 877 πρώτῃ
514 835 561 862 σε
581 820 682 876 τιμῇ
706 817 780 860 καὶ
802 814 940 873 ἆγάπῃ
961 815 1146 873 τηρήσει.
1176 815 1251 859 καί
1274 812 1354 871 οὔχ
1374 813 1767 872 ὖπαναστὴσεταιιο

265 887 344 940 μὲν
355 912 376 940 ,-
397 887 474 927 σοῦ’
501 883 769 941 προσιόντος,
795 884 873 925 τοῦ
909 880 1078 938 θρόνου·
1108 878 1207 924 οῦδὲ
1233 879 1314 938 γάρ
1344 879 1445 931 ἔθος
1470 883 1714 936 βασιλεῦσιν

223 951 565 1001 Βὲξανίστασθαι
596 947 800 999 ἰδιώταις·
827 946 1020 1004 εὑρήσεις
1044 946 1187 1001 μέντοι
1214 946 1399 1003 προσιών
1438 943 1573 1004 ‹iq-9517
1596 945 1716 1003 ἔστη-

268 1013 386 1070 κότα,
411 1014 470 1064 ὥς
498 1010 551 1057 ἂν
567 1014 639 1056 καί
664 1012 732 1056 σοι’
760 1012 807 1055 τὸ
831 1014 904 1068 τῆς
931 1014 1051 1068 τιμῆς
1071 1011 1244 1071 κάκείνῳ
1261 1010 1397 1068 τὸτῆς
1420 1011 1637 1067 βασιλείοις
1650 1013 1715 1054 δι’-

267 1097 384 1123 καιον
406 1077 687 1137 περισώζοιτο.
715 1079 840 1121 ταῦτ’
876 1077 991 1130 ἔδοξε
1019 1079 1092 1120 καί
1127 1076 1199 1120 ἔσο
1228 1080 1365 1120 ταῦτα
1392 1079 1554 1128 εἰδώς.”
1608 1076 1716 1135 πρὸς

154 1160 197 1198 v,
217 1146 386 1197 ,stafiv’
415 1145 662 1200 ἀπεκρίνατο
680 1145 758 1198 μὲν
776 1141 798 1186 ὅ
827 1144 919 1193 νέος
931 1140 1199 1199 Ἀνδρόνικος
1218 1140 1248 1185 ἃ
1273 1141 1378 1196 μετά
1405 1140 1560 1199 μικρὸν
1588 1143 1767 1200 &posi-15

267 1225 361 1264 μεν·
391 1209 486 1253 νυνὶ
513 1212 559 1252 δὲ
587 1204 704 1260 ἄξιον
723 1208 962 1264 ἱστορῆσαι,
992 1204 1093 1250 ὅθεν
1120 1208 1199 1249 κάκ
1227 1207 1338 1257 τίνος
1366 1207 1506 1257 αἰτίας
1532 1209 1592 1259 εἷς
1618 1207 1716 1251 τού-

267 1291 365 1325 τους
392 1273 588 1331 προήχθη
606 1272 703 1323 τούς
730 1273 877 1329 λόγους
896 1271 917 1315 ὁ
933 1272 1142 1328 βασιλεύς,
1165 1273 1214 1316 ‘O
1241 1274 1330 1322 νέος
1366 1272 1642 1328 Ἀνδρόνικος,
1669 1275 1716 1317 ἓν

268 1355 349 1383 που
378 1339 452 1382 καὶ
478 1338 608 1381 εἴκοσι
635 1338 811 1394 γεγονώς
840 1337 935 1394 ἔτη,
978 1340 1076 1394 περὶ
1102 1336 1147 1380 τὸ
1172 1337 1408 1389 Βυζάντιον
1436 1337 1508 1381 αἐἰ
1534 1339 1717 1396 διέτριβε

267 1406 443 1461 μηδαμῆ
461 1407 808 1461 συγχωρούμενος
823 1406 1058 1460 περαιτέρω
1077 1404 1334 1459 προβαίνειν.
1353 1400 1422 1447 οἶα
1451 1406 1498 1447 δὲ
1525 1406 1717 1461 σφριγῶν

268 1470 427 1526 νεότητι
455 1472 527 1513 καί
555 1469 723 1527 φύσεως
752 1467 922 1525 ὀξύτητι
948 1468 996 1510 τὸ
1026 1468 1258 1511 ἀκάθεκτον
1287 1467 1411 1524 ἔχων,
1439 1469 1770 1526 ἐδυσχέραινετο

267 1537 346 1590 μὲν
375 1535 606 1592 εἰργόμενος
631 1536 896 1592 μακροτέρας
917 1533 991 1584 τοὶς
1013 1531 1251 1590 ἀποδημίας
1278 1537 1515 1588 ποιεῖσθαι,
1546 1533 1620 1576 καί
1644 1535 1717 1576 οὖ-

227 1603 340 1648 οδὲν
367 1596 535 1654 ἄμεινον
564 1602 738 1643 διέκειτο
766 1602 849 1642 τῶν
876 1602 1286 1654 κατακεκλεισμένων
1314 1601 1498 1659 φρουρᾷ·
1549 1598 1717 1656 ἔστεργε

271 1667 320 1707 δὲ
348 1662 483 1719 ὅμως,
511 1672 599 1714 τοῖς
626 1667 702 1706 τοῦ
727 1667 934 1719 βασιλέως
961 1664 1032 1707 καί
1057 1662 1228 1707 πάππου
1257 1662 1544 1722 προστάγμασι
1564 1663 1714 1707 πειθό-

267 1746 389 1784 μενος
414 1727 663 1785 οἷναγκαίως.
685 1726 798 1784 ὅμως
817 1731 863 1772 δὲ
880 1731 995 1788 αὐτῷ
1011 1747 1104 1773 τινα
1125 1731 1404 1788 παραμυθίαν
1426 1730 1472 1773 ἐκ
1497 1732 1579 1773 τῶν
1600 1728 1716 1773 ἐνόν-

268 1833 332 1866 riis
357 1820 529 1877 exagitati
555 1836 592 1864 et
631 1831 800 1864 extremis
835 1830 1001 1865 afflictati
1032 1831 1296 1873 incommodis,
1333 1832 1536 1877 praevisum
1561 1831 1715 1866 exitium
1762 1862 1764 1864 ,

269 1881 423 1923 effugere
448 1878 616 1911 voluisse.
665 1879 711 1910 Et
736 1877 911 1910 haetenus
938 1877 1087 1923 quidem
1112 1879 1309 1922 imperator
1328 1889 1454 1923 nepos.

362 1925 392 1958 5.
421 1923 587 1957 Ceterum
603 1925 724 1957 senior
743 1923 828 1956 odio
845 1924 883 1956 in
902 1930 1071 1969 nepotem
1090 1925 1291 1958 crudeliore
1309 1930 1496 1970 concepto,
1519 1935 1587 1970 per
1604 1934 1715 1958 sena-

268 1975 382 2004 torem
411 1970 600 2015 quemdam
618 1969 706 2002 haec
727 1972 761 2003 ei
783 1970 948 2003 nuntiat:
975 1971 1184 2004 Meminisse
1206 1971 1334 2015 ipsum,
1357 1970 1538 2016 quomodo
1554 1970 1643 2004 a‘lies
1667 1970 1713 2004 ab

269 2028 307 2050 se
332 2017 579 2057 contenderit,
604 2017 659 2049 uti
683 2017 811 2049 liceret
835 2018 955 2060 posito
970 2022 1100 2049 ornatu
1125 2017 1356 2061 imperatorio
1383 2018 1560 2062 privatum
1578 2019 1711 2052 vivere:

269 2074 310 2095 ac
332 2067 407 2095 tum
436 2063 584 2108 quidem
610 2073 660 2103 se,
686 2073 778 2107 quae
803 2061 1031 2102 decuissent,
1057 2063 1310 2106 respondisse:
1347 2074 1445 2096 nunc
1469 2067 1589 2096 autem
1615 2064 1714 2107 peti-

268 2109 371 2142 tione
405 2109 471 2141 illa
505 2111 708 2142 examinata
740 2119 890 2152 aequam
929 2119 1004 2141 eam
1030 2119 1106 2141 esse
1132 2119 1277 2142 censere
1303 2111 1490 2156 petitaque
1515 2108 1713 2144 concedere

269 2154 381 2199 idque
414 2156 453 2188 in
490 2165 655 2198 praesens
690 2155 725 2188 ei
760 2155 998 2198 significatum
1032 2155 1148 2196 velle,·
1188 2154 1304 2188 nihilo
1331 2156 1449 2188 minus
1474 2166 1715 2190 successorem

272 2202 349 2237 eius
373 2201 568 2246 praecipuo
603 2202 720 2245 ipsum
753 2199 891 2233 honore
927 2205 964 2233 et
1001 2211 1120 2234 amore
1146 2201 1386 2246 dignaturum.
1435 2201 1536 2236 Solio
1564 2201 1713 2247 quidem

271 2245 369 2280 haud
404 2246 632 2280 decessurum
669 2245 876 2286 accedenti,
926 2247 1068 2292 quando
1107 2247 1145 2280 id
1170 2248 1317 2292 privatis
1352 2254 1533 2293 praestare
1556 2248 1715 2294 impera-

271 2297 368 2327 tores
396 2305 470 2326 non
494 2293 655 2334 soleant,
699 2293 843 2339 quoties
877 2298 999 2326 tamen
1034 2293 1245 2334 accederet,
1281 2300 1435 2328 stantem
1459 2296 1712 2328 inventurum:

273 2350 345 2384 qua
380 2340 519 2372 ratione
552 2340 699 2384 utrique
733 2339 944 2383 dignitatem
981 2340 1098 2373 etius
1123 2351 1225 2372 suum
1257 2346 1505 2374 conservatum
1529 2340 1585 2374 iri.
1635 2340 1714 2374 Hoc

271 2386 392 2418 animo
417 2396 481 2419 suo
507 2396 583 2418 esse
608 2386 717 2417 fixum
745 2385 857 2430 idque
888 2386 982 2418 velle
1010 2387 1129 2420 sciret.
1177 2387 1377 2430 Respondit
1399 2386 1624 2420 Andronicus
1648 2398 1714 2420 ne-

269 2443 337 2476 pos
364 2442 416 2473 ea,
440 2442 533 2476 quae
557 2432 663 2475 paulo
686 2432 780 2464 infra
800 2432 1062 2475 adscribemus3
1100 2444 1196 2466 nunc
1223 2433 1321 2476 prius
1345 2433 1615 2467 memorandum
1634 2439 1713 2473 est,

272 2477 382 2518 unde,
409 2477 586 2523 quibusve
612 2478 804 2510 momentis
833 2479 1026 2522 imperator
1054 2478 1100 2511 ad
1126 2478 1266 2512 huncce
1289 2481 1459 2514 nuntium
1483 2479 1721 2524 allegandum·

271 2524 440 2557 inductus
472 2524 529 2556 sit.
587 2523 732 2568 Nepos,
765 2525 882 2568 primo
919 2536 1013 2557 anno
1047 2535 1154 2570 supra
1189 2525 1398 2559 vicesimum
1422 2526 1593 2566 decurso,
1617 2527 1712 2559 intra

271 2570 434 2613 Byzantii
463 2570 550 2603 fines
576 2580 681 2603 omne
695 2575 834 2614 tempus
861 2571 1094 2611 conterebat,
1117 2583 1184 2604 nec
1198 2582 1378 2618 quoquam
1407 2573 1503 2605 ultra
1526 2572 1711 2606 sinebatur

271 2615 453 2661 progredi.
502 2615 576 2660 Qui
601 2615 753 2649 iuvenili
781 2617 925 2650 inflatus
959 2618 1111 2661 spiritu,
1138 2623 1175 2651 et
1200 2623 1348 2652 naturae
1373 2619 1568 2652 acrimonia
1603 2621 1710 2652 effre-

271 2663 405 2702 natior,
431 2660 654 2706 longioribus
670 2661 740 2695 sibi
754 2663 1104 2707 peregrinationibus
1120 2664 1352 2698 interdictum
1376 2665 1525 2709 indigne
1544 2664 1708 2698 ferebat:

271 2718 338 2741 nee
363 2709 422 2741 illi
447 2718 548 2742 secus
574 2713 661 2750 erat,
686 2719 791 2754 quam
826 2711 855 2743 si
881 2721 1019 2744 carcere
1042 2710 1181 2743 clausus
1204 2716 1402 2750 teneretur.
1440 2709 1565 2745 Nihilo
1590 2711 1708 2745 minus
