1832 3132
565 96 947 142 rus-mmmmm
986 101 1039 141 11.
1069 105 1138 147 11.
1461 82 1574 159 375

131 200 163 243 ἃ
185 197 478 258 ἐχρῆκαδτὸν
505 200 552 242 δκ
576 201 658 244 τῶν
684 201 894 258 δημοσίων
921 204 995 259 τῆς
1029 201 1143 247 Χίου
1176 202 1322 261 φόρων
1344 203 1672 260 λαμβάνεινΑ.Ο.
1688 211 1775 259 ιὸας

130 265 319 322 ἐτησίους,
337 263 599 323 προσήκοντα
623 267 671 309 ἐκ
691 267 886 325 πατρῴου
913 268 1083 325 κλήρου,
1102 264 1201 325 ἧκεν
1224 269 1283 321 ὥς
1301 273 1479 325 βασιλέα
1502 269 1578 327 τὴν

131 329 307 375 ἀδικίαν-
331 331 519 386 ὂγκαλῶν
544 333 601 390 τῷ
629 329 799 391 ἀδελφῷ
826 332 901 376 καί
920 340 1065 389 τυχεῖν
1097 334 1292 388 δεόμενος
1321 338 1579 394 ἐπικουρίας.

60 442 71 451 ,
127 394 395 452 γραμματεῖά
411 411 455 440 τε
482 397 646 440 ἐδείκνυ
680 396 710 441 ἃ
731 400 880 455 σαφῶς
915 397 1071 455 πολλὴν
1093 400 1174 441 τοῦ
1195 400 1382 458 οἷδελφοῦ
1403 401 1478 445 καί
1500 401 1580 458 τὴν
1638 412 1644 418 ’

101 457 298 506 ὄόδὲκιάν
318 461 538 520 κατηγόρει
566 462 639 506 καί
656 463 732 521 τὴν
753 462 1065 521 α’γνωμοσύνην.
1083 465 1285 520 βασιλεύς
1305 468 1351 510 δὲ
1378 469 1578 524 ἐπηγγέλ-

126 524 219 569 md
233 541 278 570 τε
295 525 551 584 τιμὼρήσειν
576 525 690 588 αὖτῷ
710 531 780 586 ἐφ’
795 525 858 580 οἷς
885 526 1092 572 ἀδικεῖται
1117 527 1371 588 ἆφικόμενος
1387 536 1483 587 ἑκεῑζ,
1508 533 1582 577 καὶ

115 588 256 644 asstdc
279 592 403 636 οὐδὲν
433 589 558 650 ἧττον
575 593 605 638 ἃ
628 594 745 652 παρὰ
773 595 1004 652 Μαρτίνου
1028 597 1235 640 ἀδικεῖται
1266 598 1580 655 ἀπολήψεσθαι.

234 657 292 702 ια’.
322 659 671 716 Παρεσκευάζετο
685 663 765 716 μὲν
785 657 860 704 οὖν
882 661 1030 712 πόλος
1055 664 1175 706 πέντε
1198 663 1272 706 καί
1293 661 1435 707 ἑκατὸν
1461 667 1577 720 νεῶν,
1587 679 1621 712 Ρ.
1636 679 1710 716 230

122 717 185 772 ὧν
203 719 458 784 ἧσανόλίγῳ
481 726 687 777 ἐλάσσους
708 728 770 778 εἰς
801 725 879 778 τὰς
900 727 977 770 δύο
1000 730 1155 785 μοίρας
1182 727 1341 786 διήρεις
1365 729 1439 773 καί
1455 730 1572 787 τριή-
1583 741 1624 775 V.
1638 743 1701 777 185

42 807 52 824 ³
66 802 228 847 ·“ιορεἰς,
265 792 311 843 ἐξ
333 784 392 834 ὧν
417 788 531 848 ἦσαν
551 791 788 848 ἱππαγωγοὶ
811 791 919 836 dm&
941 788 1121 849 ἄγουσαι
1145 796 1392 852 τριακοσίαν
1421 797 1608 843 {numne

124 854 172 899 αἶ
200 855 346 899 λοιπαὶ
375 857 423 899 δὲ
454 858 654 916 μονήρεις
683 855 810 915 ἦσαν.
850 858 943 902 ἐπεὶ
961 861 1007 902 δὲ
1036 864 1430 918 παρεσκευασμέναι
1455 859 1581 919 ἦσαν,

121 922 201 978 τήν
229 937 276 964 τε
308 923 438 966 ἵππον
460 919 703 979 ἕσεκόμιζον
722 923 798 967 καὶ
828 924 883 968 τοὶ
917 921 1026 968 ἄλλα
1048 926 1282 983 ἐπιτήδεια.
1308 923 1363 984 ἦν
1385 945 1432 970 τε
1454 926 1582 983 ἅμιλ-

121 989 179 1030 λα
208 986 340 1044 πολλὴ
362 993 452 1038 τοῖς
478 989 780 1047 τριηράρχαις,
818 987 1000 1034 ἑκάστου
1033 995 1368 1048 φιλονεικοῦντος
1404 999 1581 1038 πολυτε-

38 1099 40 1101 ,
119 1051 213 1112 λείᾳ
249 1055 325 1097 καί
359 1049 625 1112 λαμπρότητι
647 1058 917 1113 παρασκευῆς
937 1055 1038 1107 τούς
1069 1052 1222 1108 ἄλλους
1247 1058 1579 1116 ὑπερβαλέσθαι·

35 1112 50 1135 ''
71 1117 196 1165 ιόκαί
221 1117 275 1162 τά
307 1135 356 1162 τε
394 1115 504 1163 ἄλλα
531 1119 777 1179 ἐξηρτύοπο
814 1121 922 1180 πρὸς
952 1121 1001 1165 τό
1038 1128 1476 1182 μεγαλοπρεπέστερον
1507 1126 1583 1170 καὶ

118 1183 172 1228 τὰ
200 1183 462 1243 πληρώματα
497 1187 708 1241 ἐκόσμουν
743 1188 867 1240 ἰδίοις
891 1189 1162 1246 παρασήμοις
1188 1189 1234 1234 ἔν
1253 1208 1306 1235 ,τε
1337 1187 1481 1241 ὅπλοις
1506 1194 1581 1236 καί

118 1251 303 1295 ἀσπίσιν.
357 1245 467 1308 ἦσαν
491 1250 574 1309 γὰρ
603 1249 653 1295 οὗ
681 1254 766 1297 τῶν
791 1253 1032 1310 τυχόντων,
1061 1253 1170 1297 α’λλοὶ
1198 1258 1282 1300 τῶν
1309 1273 1354 1300 τε
1382 1258 1602 1313 εὖγενῶνῦ

74 1344 83 1352 x
117 1318 194 1360 καὶ
227 1315 391 1373 μεγάλα
429 1318 688 1373 δυναμένων.
753 1322 980 1363 συνέπλεον
1015 1322 1062 1365 δὲ
1091 1323 1148 1380 τῷ
1175 1326 1348 1377 βασιλεῖ’
1368 1320 1418 1366 οὗ
1445 1324 1575 1378 μόνον

115 1381 286 1426 «inierat
311 1385 386 1427 καί
411 1383 540 1440 ψιλός
575 1385 728 1441 πολὺς,
759 1384 866 1429 οἷλλοὶ
893 1387 978 1429 τῶν
999 1403 1044 1430 τε
1071 1391 1353 1445 συγκλητικῶν
1381 1390 1458 1431 οὐκ
1486 1389 1572 1432 ὀλί-

61 1465 209 1506 ῃογοι,
259 1450 334 1493 καὶ
371 1454 638 1508 στρατιωτῶν
667 1453 719 1495 οὗ
748 1451 879 1507 μόνον
919 1453 959 1496 οἱ
998 1452 1254 1511 χρησόμενοι
1287 1460 1374 1506 τοῖς
1412 1456 1570 1510 ἵπποις,

115 1512 226 1559 ἀλλὰ
252 1516 327 1559 καὶ
352 1509 476 1566 ἄλλος
502 1513 649 1572 ὅμιλος
675 1518 817 1569 πολύς.
858 1518 951 1562 ἐπεὶ
976 1522 1023 1563 δὲ
1051 1517 1194 1563 πάντα
1215 1515 1296 1576 ἤδη
1323 1518 1570 1577 ἐπεπόριστο

115 1582 191 1624 καὶ
215 1581 341 1626 οὐδὲν
367 1583 502 1626 ἐνέδει
528 1582 603 1639 ἔτι,
630 1579 809 1641 ἷῖραντες
835 1588 882 1628 ἐκ
908 1587 1152 1638 Βυζαντίου
1182 1585 1326 1629 ἔπλεον
1353 1586 1427 1629 ἐπὶ
1446 1586 1570 1630 Χίον.

115 1644 286 1703 γνώμην
314 1648 361 1690 δὲ
388 1644 500 1703 εἶχεν
520 1646 542 1691 ὅ
565 1648 776 1704 βασιλεὺς,
806 1650 866 1701 ὥς
894 1647 946 1704 ἢν
974 1650 999 1692 o‘
1022 1654 1244 1708 Μαρτῖνος
1271 1648 1346 1701 τὸν,
1369 1651 1570 1695 ἐπίπλουν

115 1711 350 1768 πυθόμενος
356 1746 372 1768 ,
409 1714 507 1771 πρὶν
534 1715 594 1765 εἰς
620 1715 697 1771 τὴν
723 1717 850 1772 νῆσον
877 1718 1081 1774 κατᾶραι,
1122 1713 1328 1774 οἷςοίκηται
1353 1715 1461 1774 πρὸς
1490 1716 1569 1760 αὖ-

116 1853 190 1889 sibi
212 1854 253 1888 iu
276 1860 390 1891 annos
420 1855 580 1902 singulos
606 1854 830 1891 hereditario
862 1857 942 1891 iure
967 1857 1012 1892 de
1036 1858 1198 1904 publicis
1233 1858 1473 1903 vectigalibus
1498 1857 1565 1892 de-

115 1901 312 1944 bebantur,
325 1901 534 1950 quibusque
550 1903 594 1936 ab
618 1903 747 1938 eodem
768 1903 950 1938 fraudatus
973 1911 1062 1946 erat,
1078 1905 1124 1938 ad
1145 1906 1401 1950 imperatorem
1420 1918 1458 1940 se
1476 1917 1566 1939 con-

115 1949 226 1990 tulit,
258 1949 382 1982 fratris
406 1949 640 1996 iniquitatem
671 1962 840 1984 accusans
866 1957 902 1985 et
925 1953 1102 1989 auxilium
1126 1952 1312 1997 flagitans:
1337 1954 1427 1998 quin
1455 1953 1566 1986 etiam

115 1995 259 2029 litteras
287 1995 476 2037 exhibens,
505 1997 638 2043 quibus
661 2009 788 2042 magna
814 1999 914 2032 illius
941 1999 1123 2043 iniustitia
1146 1999 1435 2046 improbitasque
1459 2010 1564 2041 coar-

115 2042 304 2087 guebatur.
349 2043 548 2087 Imperator
573 2050 611 2078 et
635 2055 685 2085 se,
708 2044 773 2077 ubi
798 2057 841 2079 eo
864 2045 1036 2087 venisset,
1064 2046 1179 2079 scelus
1204 2045 1492 2087 vindicaturum,
1526 2051 1565 2080 et

114 2088 353 2124 Benedictum
376 2091 569 2135 pecuniam
593 2093 828 2125 interversam
853 2098 1082 2137 recepturum
1107 2093 1284 2136 promisit.

213 2147 268 2172 ιι.
315 2137 443 2179 Itaque
468 2138 589 2171 classis
614 2144 758 2172 centum
784 2145 820 2173 et
844 2140 1007 2185 quinque
1031 2140 1179 2173 navium
1205 2139 1502 2184 comparabatur,
1542 2149 1562 2172 e

115 2181 250 2229 quibus
272 2184 384 2230 paulo
409 2186 596 2228 pauciores
622 2191 726 2218 erant
750 2185 903 2219 duorum
927 2197 1121 2232 generum,
1152 2186 1308 2220 biremes
1333 2192 1371 2220 et
1397 2185 1561 2220 triremes

113 2229 307 2271 videlicet,
346 2236 385 2265 et
415 2242 459 2264 ex
490 2230 547 2264 his
570 2231 767 2277 hippagogi
792 2238 872 2266 octo
889 2257 898 2273 ‚
935 2234 975 2266 in
999 2234 1044 2267 iis
1072 2234 1159 2280 equi
1186 2234 1363 2274 trecenti,
1399 2233 1565 2278 reliquae

108 2277 312 2312 vunii-emes.
373 2277 439 2311 His
473 2279 635 2323 paratis,
673 2281 876 2324 equitatum
902 2284 939 2313 et
966 2279 1101 2314 cibaria
1127 2280 1312 2325 imposuit.
1362 2280 1456 2313 Tum
1491 2291 1566 2313 non

114 2322 424 2358 leviscontentio
458 2324 667 2358 trierarchis
690 2326 846 2367 incidit,
884 2325 969 2360 dum
1003 2326 1163 2373 quilibet
1188 2332 1325 2362 ceteros
1353 2331 1566 2371 sumptuoso

113 2376 291 2416 apparatu
306 2382 474 2416 superare
495 2373 640 2413 nititur,
664 2378 702 2406 et
724 2385 803 2406 cum
826 2373 898 2406 alia
920 2374 1109 2419 magnifice
1132 2374 1296 2416 instruit,
1319 2379 1395 2406 tum
1419 2373 1567 2406 classia-

113 2418 250 2450 riorum
276 2428 372 2451 arma
397 2424 435 2452 et
459 2419 606 2463 clypeos
632 2420 706 2452 suis
738 2420 945 2464 insignibus
984 2425 1158 2454 exornat:
1195 2432 1263 2453 nec
1296 2421 1392 2454 enim
1426 2419 1471 2452 ‹le
1505 2419 1567 2451 in-

114 2463 199 2497 fima
223 2463 357 2509 plebe,
388 2465 453 2499 sed
470 2466 540 2499 viri
566 2466 711 2499 nobiles
737 2471 774 2499 et
799 2466 994 2500 admodum
1020 2468 1160 2512 copiosi
1187 2471 1299 2501 erant.
1340 2465 1568 2510 Navigabam:

112 2521 222 2556 porro
257 2521 336 2544 cum
371 2511 589 2558 imperatore
613 2524 687 2546 uon
721 2513 830 2547 modo
865 2515 978 2559 gravis
1018 2520 1055 2548 et
1087 2514 1177 2548 levis
1209 2519 1409 2547 armaturae
1435 2512 1567 2553 multi,

112 2557 348 2590 verumetiam
381 2557 427 2592 de
460 2559 670 2604 proceribus
705 2572 779 2593 non
806 2560 935 2604 pauci,
969 2565 1007 2594 et
1030 2566 1173 2606 praeter
1196 2561 1340 2605 equites
1367 2557 1565 2592 multitudo

114 2603 205 2636 item
227 2615 302 2639 non
329 2606 544 2650 spernenda.
595 2606 776 2641 Omnibus
803 2608 872 2640 rite
896 2607 1051 2652 paratiS,
1088 2608 1261 2651 Byzantio
1287 2606 1366 2639 vela
1390 2607 1428 2639 iu
1450 2605 1565 2638 altum

114 2649 262 2692 (lantes,
285 2661 427 2685 cursum
450 2653 491 2686 in
515 2652 645 2686 Chium
673 2652 845 2697 dirigunt.
895 2653 1082 2688 Statuerat
1104 2665 1188 2688 vero
1215 2655 1438 2698 imperator,
1462 2657 1504 2685 ut
1530 2652 1563 2685 si

114 2695 308 2739 Martinus,
331 2699 488 2734 adventu
516 2701 638 2734 classis
664 2699 812 2742 audito,
837 2700 1049 2747 priusquam
1076 2702 1115 2737 in
1140 2702 1296 2737 insulam
1321 2698 1561 2734 descendere-
