1852 3146
542 118 922 163 ms‘romARUM
963 122 1003 163 1.
1029 123 1098 171 ιιο.
1431 102 1535 170 241

94 224 144 268 δ’
163 221 351 281 ῑφασαν,
377 218 491 277 ἔχειν
519 221 598 276 μὲν
630 216 763 264 αὖτοῢ
785 222 1158 279 καταψηφίζεσθαι
1191 222 1344 279 μηδὲν,
1371 222 1540 266 δεῖσθαι
1551 223 1634 259 A·C·
1652 225 1738 271 ¹327

94 287 145 332 δὲ
167 285 476 343 μόνονάὖτοῢ,
501 285 686 344 τρόπους
714 285 834 337 τινας
854 285 927 329 καὶ
948 288 1147 342 ἐπινοίας,
1177 283 1317 346 ὥσπερ
1348 287 1423 331 καί
1445 287 1590 345 πρό-Ρ.
1603 289 1673 333 149

95 368 235 411 τερον,
259 354 467 410 ἐξευρεῖν,
495 352 542 404 ἐξ
570 345 631 394 ὧν
657 347 711 394 ἂν
736 349 786 395 τά
816 352 1144 409 προσδοκώμενα
1175 351 1284 396 κακοὶ
1310 355 1548 410 διαλυθείη.

101 417 208 475 »καὶ
229 415 402 476 σφόδρα
429 420 503 473 γε”
539 414 653 461 εἶπεν
686 416 710 460 ὅ
731 416 930 473 βασιλεὺς
969 419 1107 473 ,μηδὲ
1138 416 1217 474 τήν
1252 417 1390 475 ἀρχήν
1423 421 1549 475 ἐβου-

67 481 226 540 5λόμην
256 481 333 526 τόν
360 479 545 537 πόλεμον
571 484 841 539 κεκινῆσθαι,
881 477 910 538 ἢ
944 485 1168 538 κινηθέντα
1206 482 1387 538 τάχιστα
1418 501 1550 527 κατα-

87 543 289 607 λυθῆναι.
329 543 394 591 ὅτι
422 549 470 591 δὲ
497 545 583 604 οὐχ
610 546 832 605 ὑπόκρισις
869 547 963 590 οὐδ’
991 547 1182 605 εἰρωνεία
1201 546 1254 591 τὰ
1273 551 1477 604 τοιαῦτα,
1503 551 1552 602 ἐξ

91 614 239 667 αὕτῶν
265 614 352 658 τῶν
383 614 639 671 πραγμάτων
667 615 820 670 ἐναργῆ
841 613 1021 671 πάρεστι
1048 611 1126 669 τήν
1154 611 1364 665 ἀπόδειξιν
1392 618 1551 670 λαβεῖν·

93 671 237 736 ιι’ριῖτον
262 677 341 737 γάρ
373 675 457 737 ἤδη
493 682 607 736 μῆνα
641 678 834 736 κάθημαι
876 681 1065 722 ἐνταῦθα
1105 677 1295 733 δεόμενος
1328 680 1551 735 βασιλέως,

93 741 166 788 τὸν
196 744 377 800 πόλεμον
410 747 678 788 καταθέσθαι
719 743 794 788 καὶ
821 742 881 801 μή
926 743 998 787 διὰ
1040 745 1296 802 φιλονεικίαν
1328 743 1405 801 τήν
1436 741 1552 786 ίΡω-

12 799 239 866 ἰομαίων
265 811 491 867 ἡγεμονίαν
524 812 729 868 περιϊδεῖν
757 811 1000 866 ἀνηκέστοις
1029 815 1170 859 κακοῖς
1207 811 1519 866 περιπεσοῦσαν
1535 825 1550 839 ·

12 871 18 890 ²
97 874 194 919 ἀλλ’
223 876 364 926 οὕδείς
389 874 412 918 ὅ
436 874 678 920 εἰσακοὺων·
707 874 781 918 καί
806 877 941 918 ταῦτα
970 876 1242 929 πεπεισμένος
1262 876 1466 932 φανερῶς,
1495 873 1555 924 ὥς

97 941 444 997 ἐπιβουλεύομαι,
483 943 618 999 μηδὲν
658 937 830 985 οἷδικῶν.
869 940 920 983 οὖ
949 941 1029 999 γὰρ
1065 939 1173 983 πάνυ
1205 941 1354 996 ἀγνοῶ’,
1392 936 1459 982 ὅτι
1490 938 1592 996 μήΒ

98 1008 237 1050 ταῦτα
269 1005 421 1062 μόνον,
471 1004 578 1065 ὅπερ
611 1007 838 1063 α’κηκόατε,
887 1005 1115 1063 γράμματα
1152 1007 1431 1063 ἐπέμφθησαν
1464 1007 1555 1048 κατ’

98 1072 230 1127 ἐμοῦ,
271 1072 365 1116 ἄλλ’
390 1074 438 1116 ἐκ
465 1074 630 1116 πολλῶν
663 1074 747 1116 τῶν
779 1074 1076 1116 διασωθέντων
1100 1070 1293 1116 ἑάλωσαν
1326 1069 1454 1127 ὀλίγα.
1494 1071 1554 1129 τῷ

12 1142 15 1144 ’
49 1137 269 1196 15σφόδρα
301 1139 350 1181 δὲ
384 1136 618 1194 βούλεσθαι
646 1135 724 1194 τήν
753 1136 944 1195 εἰρήνην,
984 1137 1063 1195 τήν
1084 1154 1130 1181 τε
1158 1139 1348 1191 ἐμαυτοῦ
1371 1139 1446 1181 καί
1470 1138 1555 1180 τῶν

54 1196 57 1199 ”
99 1201 313 1247 συνόντων
336 1203 574 1261 ἀσφάλειαν
603 1205 822 1258 τιθέμενος
851 1205 896 1247 ἐν
928 1205 1132 1263 δευτέρῳ,
1159 1205 1246 1261 θεῷ
1269 1205 1316 1246 δὲ
1342 1201 1456 1263 μόνῳ
1479 1201 1556 1254 τοὶς

99 1269 275 1320 ἐλπίδας
303 1269 500 1325 ἀναθείς,
541 1265 589 1313 ὃν
615 1269 801 1327 εὐορκῶ,
839 1267 943 1312 κατά
969 1268 1014 1312 τὸ
1050 1267 1143 1313 ἐνὸν
1169 1271 1267 1323 ἐμοί
1287 1266 1341 1311 τὰ
1372 1270 1556 1325 προσδο-

101 1334 268 1390 κώμενα
295 1333 403 1378 κακοὶ
426 1335 472 1377 ἐκ
499 1337 633 1390 μέσου
662 1340 798 1378 ποιεῖν
827 1337 1054 1391 πειρῶμαι.
1081 1332 1264 1391 ἠγοῦμαι
1295 1335 1367 1389 δὲ,
1407 1328 1462 1387 ’ἂν
1483 1336 1558 1378 καὶ

100 1398 302 1456 βασιλεῦς
329 1401 508 1460 ἐθελήσῃ
539 1401 623 1444 τῶν
649 1400 934 1458 ὄφειλομένων
960 1401 1190 1458 χρημάτων
1209 1399 1264 1442 τὰ
1290 1398 1421 1456 ήμίση
1450 1396 1556 1442 ἄπο-

47 1467 250 1510 αοδοῦναι
275 1463 329 1524 τῇ
360 1469 558 1527 στρατιᾷ,
599 1467 784 1517 ἐκείνους
818 1483 862 1510 τε
888 1469 1020 1523 μηδὲν
1048 1467 1172 1509 πλέον
1206 1463 1557 1522 πολυπραγμονή-

100 1548 192 1576 σειν
222 1530 549 1588 οῗγαπήσαντας,
585 1535 659 1576 καί
681 1530 795 1589 ἡμᾶς
818 1534 903 1576 τῶν
932 1534 978 1574 ἐκ
1006 1533 1086 1574 τοῦ
1107 1533 1294 1586 πολέμου
1319 1533 1561 1588 προσδοκω-

84 1598 242 1653 μένων
268 1596 586 1650 ἀπαλλάξεσθαι
612 1599 789 1641 κακῶν.”
842 1596 1046 1641 εἰπόντων
1087 1599 1135 1640 δὲ
1163 1599 1247 1640 τῶν
1288 1598 1548 1655 ἀρχιερέων,
1564 1611 1594 1647 c

102 1662 164 1721 ὥς
203 1664 278 1706 νῦν
307 1664 388 1717 μὲν
419 1663 495 1706 οὐκ
533 1659 592 1710 ,ἄν
625 1662 690 1720 εἴη
729 1660 875 1721 ῥᾴδιον
915 1663 1072 1721 ἀπορίᾳ
1103 1661 1333 1718 χρημάτων
1371 1664 1558 1706 τοσαῦτα

104 1723 206 1772 ὄντα
239 1724 523 1785 ἀποδοθῆναι,
562 1725 644 1773 ὅσα
669 1731 696 1771 δ
704 1733 716 1749 ’
736 1725 789 1771 ἂν
807 1730 880 1785 ἐξῇ
899 1727 1106 1783 λαβόντας
1129 1730 1229 1783 νῦν,
1256 1727 1309 1772 τὰ
1331 1727 1558 1784 λειπόμενα

198 1817 255 1841 21.
283 1805 383 1853 ὑμᾶς
405 1807 501 1842 coni.
525 1807 600 1843 ΕΙ).
627 1807 666 1844 Ρ.
692 1806 869 1854 idemque
898 1806 988 1853 legit
1010 1807 1122 1852 Intpr.

103 1885 182 1911 non
201 1872 337 1908 habere
363 1885 424 1917 se,
463 1885 528 1910 cur
557 1886 642 1910 eum
675 1875 977 1911 condemnarent:
1019 1875 1138 1909 solum
1168 1884 1310 1921 rogare,
1340 1879 1400 1918 ut,
1429 1887 1558 1923 quem-

106 1920 302 1956 admodum
341 1921 519 1964 antebac,
564 1922 691 1956 modos
734 1929 771 1956 et
807 1923 884 1956 vias
925 1923 1129 1964 inveniret,
1169 1922 1301 1968 quibus
1328 1922 1558 1957 imminentia

107 1968 202 2001 mala
227 1967 267 2001 in
297 1968 441 2002 irritum
461 1969 642 2003 caderent,
690 1968 845 2003 Adhaec
872 1969 1091 2014 imperator:
1130 1967 1273 2003 Vellem
1305 1980 1370 2014 ego
1405 1969 1556 2003 omnino

106 2013 179 2048 hoc
202 2013 341 2047 bellum
365 2026 442 2049 non
466 2027 543 2049 esse
561 2021 704 2050 natum:
736 2020 798 2048 aut
820 2021 917 2049 certo
947 2016 1158 2062 priusquam
1183 2016 1470 2057 convalesceret,
1497 2027 1557 2050 re-

107 2061 282 2094 stinctum
303 2061 429 2099 fuisse.
475 2063 553 2096 Hoc
578 2074 636 2096 me
653 2063 755 2095 nulla
777 2063 1011 2095 simulatione
1032 2067 1094 2095 aut
1109 2062 1399 2096 dissimulatione
1423 2063 1559 2104 dicere,

108 2107 123 2140 i
151 2117 212 2140 sae
240 2117 295 2141 res
325 2108 487 2142 evidenti
514 2114 724 2154 argumento
761 2114 866 2142 sunt:
907 2109 1056 2142 tertium
1091 2108 1273 2155 siquidem
1305 2120 1466 2143 mensem
1497 2109 1560 2142 hic

137 2152 280 2194 esideo,
304 2165 425 2202 neque
454 2166 558 2189 avum
588 2167 713 2201 pacem
743 2154 918 2201 poscendi
949 2156 1058 2188 finem
1090 2155 1206 2197 facio,
1246 2166 1294 2189 ne
1326 2155 1373 2189 ob
1398 2161 1559 2190 nostram

109 2199 328 2235 discordiam
347 2202 543 2236 Romanum
574 2203 766 2248 imperium
784 2201 1020 2235 incommodis
1050 2202 1157 2246 longe
1181 2201 1397 2248 gravissimis
1420 2214 1560 2237 coucu-

109 2247 236 2285 tiatur.
284 2247 356 2282 Sed
373 2248 482 2282 surdo
500 2249 675 2290 fabulam,
703 2254 744 2283 ut
769 2249 882 2281 aiunt.
933 2248 1058 2282 Certus
1078 2248 1226 2283 interim
1246 2260 1337 2290 sum,
1362 2249 1439 2283 eius
1465 2251 1560 2284 insi-

111 2291 184 2327 diis
203 2304 260 2327 me
283 2296 383 2339 peti,
408 2307 628 2342 quamquam
647 2297 686 2329 in
709 2306 790 2329 eum
810 2295 865 2328 nil
885 2295 1032 2329 molitus
1065 2295 1146 2330 sim.
1194 2295 1270 2329 Nec
1295 2296 1392 2328 enim
1418 2298 1559 2342 ignoro,

110 2349 188 2374 non
207 2340 272 2374 has
290 2341 412 2382 modo,
439 2354 526 2389 quas
548 2342 714 2383 audistis,
737 2342 803 2376 sed
822 2342 942 2386 plures
964 2342 1112 2387 insuper
1133 2348 1258 2376 contra
1283 2353 1341 2375 me
1362 2344 1558 2377 missitasse

111 2386 276 2427 litteras,
301 2397 321 2420 e
345 2387 478 2434 quibus
499 2388 570 2423 hae
589 2399 791 2435 perpaucae
812 2389 1036 2433 interceptae
1058 2393 1151 2421 sunt.
1202 2388 1300 2434 Quia
1317 2394 1438 2423 tamen
1459 2392 1558 2435 pacis

112 2442 193 2466 sum
221 2433 497 2478 cupidissimus,
535 2447 655 2470 meam
688 2445 925 2481 meorumque
963 2435 1191 2469 securitatem
1223 2435 1263 2469 in
1294 2437 1558 2480 posterioribus

114 2477 274 2521 ducens,
306 2481 450 2528 solique
475 2482 554 2517 Deo
583 2493 664 2528 spes
703 2493 800 2516 meas
835 2481 1083 2522 committens,
1121 2493 1231 2527 quem
1271 2488 1395 2517 sancte
1427 2483 1559 2523 iuravi,

117 2531 295 2571 quantum
315 2527 355 2561 in
374 2538 433 2562 me
453 2533 531 2571 est,
553 2530 761 2575 ingruentes
785 2527 904 2562 clades
934 2533 1095 2562 avertere
1117 2529 1273 2562 annitor.
1322 2529 1464 2574 Opinor
1491 2542 1559 2563 au-

115 2575 210 2613 tem,
233 2573 266 2606 si
292 2578 330 2607 et
351 2584 436 2608 avus
456 2575 650 2609 dimidium
668 2575 814 2609 debitae
835 2576 1011 2620 pecuniae
1040 2574 1222 2609 militibus
1246 2586 1436 2609 numerare
1457 2576 1559 2616 velit,

116 2616 209 2652 boni
243 2620 495 2662 consulentes,
539 2621 636 2656 nihil
673 2621 846 2667 deinceps
882 2621 1129 2655 molestiarum
1156 2621 1403 2663 exhibituros,
1433 2627 1471 2656 et
1495 2633 1559 2656 vos

117 2663 281 2707 casibus,
333 2678 397 2701 uos
417 2678 438 2701 e
458 2668 558 2702 bello
573 2668 758 2709 metuitis,
777 2673 942 2713 ereptum
970 2667 1027 2702 iri.
1054 2668 1338 2703 Occurrentibus
1367 2669 1487 2714 episco
1517 2669 1561 2710 is,

117 2709 272 2746 difficile
318 2718 465 2747 uturum
505 2714 577 2750 hoe
602 2719 791 2762 tempore,
821 2713 996 2750 exhausto
1024 2714 1188 2757 aerario,
1222 2719 1364 2750 tantum
1395 2726 1455 2751 aes
1510 2715 1559 2751 's-

211 2772 507 2815 cantacuzenus.
1254 2777 1298 2812 ι6
