1852 3146
323 59 434 126 248
843 54 1216 119 οΑΝτΛουΖΕΝι

122 182 302 229 A.c.1327
317 175 546 231 ἀρχιερέων
572 172 756 215 ἐπύθου·
783 171 877 214 δέον
903 167 991 227 οὖν,
1017 172 1111 216 ἐπεὶ
1134 172 1207 216 καὶ
1230 170 1254 215 ὅ
1276 170 1428 229 χρόνος
1452 172 1559 232 πρὸς
1582 172 1748 221 defflo-

303 252 382 294 ψιν
411 235 563 291 ἱκανὸς,
589 237 806 279 πυθέσθαι
833 232 973 279 αὖτῶν
1001 233 1077 291 ὅ,τι
1105 238 1336 293 λέγουσιν.”
1375 237 1399 280 ὅ
1431 240 1479 282 δὲ
1506 238 1748 297 ἐπηγγείλαήὲ

307 318 354 346 το
381 302 595 356 ποιήσειν.
623 299 681 351 ὥς
709 301 748 342 δ’
777 303 917 357 ἕτεραι
943 304 1147 345 τοσαῦται
1174 300 1466 358 διεληλύθασιν
1492 303 1650 362 ἡμέραι
1675 304 1752 348 καὶ

307 367 425 421 λόγος
464 365 601 416 οὐδεὶς
639 365 794 421 ἐγίνετο
834 363 998 421 αὐτῶν,
1050 365 1174 409 πάλιν
1210 366 1382 421 πέμψας
1415 367 1439 412 ὅ
1475 368 1748 427 πατριάρχης,

309 434 443 474 ἐδεῖτο
467 432 545 476 τοῦ
571 432 774 486 βασιλέως
800 431 858 487 μή
881 428 986 474 οὕτω
1015 434 1237 488 τρίβεσθαι
1263 431 1336 473 τὸν
1361 433 1520 490 καιρὸν,
1548 433 1656 478 α’λλὰ
1678 433 1775 482 τόν5

309 511 357 538 τε
396 492 718 550 ἆρχιεπίσκοπον
749 496 1134 550 μετακαλεσάμενον
1175 495 1248 538 καὶ
1281 494 1380 548 τούς
1418 493 1569 549 ἄλλους
1605 495 1753 557 οἷρχιε-

310 567 410 618 ρεῖς,
440 557 477 615 δ’,
490 577 532 604 τι
551 577 597 604 τε
617 561 638 604 ὃ
659 559 821 616 ἔγγονος
842 562 1101 617 ἀπολογεῖται
1122 558 1297 604 ἀκοῦσαι
1316 562 1388 604 καί
1401 561 1526 606 αὐτὸν
1544 563 1754 619 σκεψάμε-

322 642 394 669 νον
413 628 466 678 ’ἐξ
499 626 640 669 αὖτῶν
660 625 712 669 τὰ
737 629 1026 669 λυσιτελοῦντα
1048 625 1278 680 ςΡωμαίοις
1303 633 1458 671 ποιεῖν.
1503 627 1527 670 ὅ
1553 629 1754 683 βασιλεύς

276 691 361 733 cde
398 690 658 747 ἀπεκρίνατο,
684 691 838 747 μηδενὶ
862 690 991 734 αὐτὸν
1013 693 1167 743 ἐξεῖναι
1195 687 1432 750 οἷνερευνᾷν,
1459 687 1568 744 ὅπως
1588 691 1640 737 τοὶ
1666 697 1754 737 κατ’Δ
1839 746 1841 751 .

308 752 423 798 οἶκον
444 756 665 812 πράγματα
693 756 891 812 διεξάγει·
921 757 1036 814 αὐτῷ
1063 755 1142 813 γὰρ
1170 756 1363 813 μελήσειν
1392 756 1515 800 ὅπότε
1541 756 1616 801 καὶ
1637 754 1801 809 gammo

310 817 418 863 αὐτοὶ
447 820 536 863 δέοι
563 822 813 874 οἰκονομεῖν·
853 821 983 864 αὐτὸν
1011 823 1080 877 δὲ,
1108 821 1374 878 πατριάρχην
1401 816 1527 878 ὄντα,
1569 817 1654 877 τόν
1679 825 1746 867 ἕκ-

310 887 611 941 κλησιαστικῶν
649 887 836 929 ἐκέλευεν
874 885 1050 941 &jeconiae
1085 886 1340 944 φροντίδων,
1389 888 1481 933 τοῦν,
1512 890 1663 932 κοινῶν
1698 889 1749 932 δὲ

311 950 386 993 καί
408 951 492 993 τῶν
520 953 745 1005 βασιλικῶν
766 948 1000 1006 ἀπέχεσθαι
1020 951 1295 1008 πραγμάτων.
1322 954 1495 996 τοιαῦτα
1519 954 1599 1007 μὲν
1622 953 1648 996 ὅ
1667 954 1749 1008 βα-

314 1013 457 1066 σιλεῦς
484 1014 668 1073 εἴρηκεν,
706 1017 887 1070 οἰόμενος
914 1015 988 1059 τὸν
1013 1016 1280 1073 πατριάρχην
1308 1017 1629 1074 καταπτήξαντα
1652 1017 1749 1068 τούς

139 1071 142 1076 ¹
184 1089 303 1127 V.ia3
314 1078 487 1135 λόγους,
532 1083 692 1135 μᾶλλον
720 1077 773 1124 ἂν
801 1081 1077 1124 ἀσπάσασθαι
1114 1081 1190 1137 τήν
1230 1082 1417 1139 σιωπήν.
1466 1082 1488 1127 ὅ
1517 1084 1565 1126 δὲ
1590 1083 1646 1133 εἷς
1671 1082 1799 1140 τὴνι5

314 1144 539 1201 ὑστεραίαν
564 1147 741 1188 τοιαῦτα
769 1148 844 1189 καί
867 1145 997 1195 αὖτὸς
1022 1147 1233 1202 μεμήνυκε
1253 1146 1356 1203 πρὸς
1377 1150 1575 1204 βασιλέα·
1619 1146 1750 1206 ,θερά-

316 1224 431 1252 τιστε
458 1212 652 1264 βασιλεῦ’,
679 1209 728 1253 τὰ
757 1209 810 1253 τοὶ
841 1212 986 1253 δέοντα
1014 1217 1235 1268 παραινεῖν
1262 1211 1334 1255 καὶ
1358 1213 1655 1268 συμβουλεύειν
1679 1213 1753 1256 καὶ

279 1273 383 1317 Dein
423 1275 779 1330 προσαναγκάζειν
816 1275 1034 1332 πράττειν,
1062 1271 1157 1319 οἷῖθ)
1191 1274 1298 1320 ἑκών
1335 1277 1570 1334 προήσομαι
1597 1277 1750 1331 αὐτὸς,

313 1335 400 1382 οὔτ’
442 1334 555 1383 ἄκων
615 1343 699 1382 δέει
745 1342 943 1398 ληφθείς.
992 1343 1034 1384 εἰ
1081 1342 1121 1383 δ’
1148 1340 1272 1392 αὐτὸς
1309 1342 1483 1402 τοιαύτῃ
1509 1345 1638 1400 συζῇν
1674 1344 1752 1396 ἐμὲ

314 1401 614 1463 ἄπραγμοσύνῃ
643 1402 797 1460 οἷξιοῖς,
825 1402 928 1448 ὥστε
953 1404 1015 1462 μή
1045 1408 1305 1463 φθέγγεσθαι
1328 1405 1427 1464 μήτ’
1455 1405 1619 1451 οἷκοῦειν
1643 1409 1806 1464 μήτεαο

315 1467 441 1526 ὅρᾷν,
489 1471 620 1526 ἐχρῆν
646 1472 746 1527 πρίν
770 1472 842 1527 τῆς
876 1472 1094 1527 ἐκκλησίας
1119 1471 1349 1528 προστάτην
1378 1473 1664 1529 προβαλέσθαι
1692 1473 1751 1515 εἶ-

314 1541 430 1576 πεΐν.
480 1533 556 1577 κᾶν
594 1537 673 1589 μὲν
699 1537 772 1578 καί
805 1535 922 1592 αὐτῷ
956 1551 1031 1588 μοι
1066 1536 1139 1578 καί
1165 1535 1304 1578 δίκαια
1330 1536 1464 1580 ταῦτὰ
1489 1536 1562 1580 καὶ
1585 1542 1751 1580 λυσιτε-

313 1601 468 1645 λοῦντα
494 1599 641 1654 ἐδόκει,
669 1600 852 1656 στέργειν
878 1596 933 1655 ἦν
959 1599 1115 1656 ἀνάγκη
1143 1600 1240 1644 νῦν·
1267 1596 1323 1645 ἂν
1346 1603 1388 1644 δ’
1413 1603 1535 1659 ἕτερα
1558 1601 1751 1657 ἐνόμιζον

405 1710 440 1746 9.
463 1700 579 1746 Intpr.
603 1699 672 1747 leg.
695 1699 833 1736 αὐταῖν.

315 1789 399 1813 eum
432 1779 628 1815 audivisse:
654 1784 820 1824 oportere
844 1779 966 1826 igitur,
993 1779 1139 1827 quando
1163 1780 1251 1815 satis
1268 1780 1332 1815 diu
1358 1779 1607 1824 deliberasset,
1624 1779 1750 1817 audire

316 1825 409 1871 quid
445 1825 617 1860 dicerent.
675 1828 867 1861 Facturum
901 1838 940 1860 se
980 1828 1174 1872 promittit.
1231 1826 1399 1862 Totidem
1436 1827 1563 1863 diebus
1604 1829 1752 1874 elapsis,

317 1882 460 1905 rursum
485 1872 600 1906 mittit
617 1872 845 1918 patriarcha,
871 1884 1020 1918 rogans,
1056 1885 1103 1907 ne
1127 1874 1178 1907 ita
1203 1877 1343 1918 tempus
1365 1879 1515 1909 tereret:
1547 1874 1610 1908 sed
1632 1874 1753 1908 archi-

320 1919 490 1962 episcopo
527 1923 565 1952 et
595 1919 773 1964 episcopis
811 1919 1016 1960 accersitis,
1053 1931 1125 1973 quo
1162 1925 1266 1964 pacto
1302 1931 1339 1953 se
1372 1931 1484 1965 nepos
1516 1919 1753 1962 defendisset,

322 1969 555 2008 cognosceret
578 1964 738 2012 indeque
762 1965 924 2006 videret,
951 1964 1040 2011 quid
1064 1977 1103 1999 ιη
1134 1975 1210 2000 rem
1232 1967 1422 1999 Romanam
1447 1971 1551 2002 esset.
1588 1967 1753 2012 Respon-

321 2009 404 2050 det,
428 2010 522 2043 nulli
549 2021 672 2044 eorum
696 2013 806 2045 licere
830 2011 1038 2057 inquirere,
1078 2023 1236 2057 quonam
1259 2012 1367 2046 modo
1392 2013 1470 2058 ipse
1496 2023 1551 2046 res
1572 2012 1750 2047 domesti-

319 2066 377 2089 cas
401 2056 625 2090 moderetur:
662 2057 734 2090 sibi
768 2058 864 2090 enim
899 2068 1005 2090 curae
1037 2057 1137 2099 fore,
1173 2058 1318 2103 quando
1353 2070 1466 2104 quave
1500 2059 1640 2092 ratione
1672 2055 1753 2093 illas

319 2101 572 2135 administret:
597 2103 737 2148 ipsum,
770 2108 811 2136 ut
834 2103 1089 2148 patriarcham,
1131 2104 1386 2137 ecclesiasticas
1412 2115 1512 2138 curas
1538 2115 1689 2146 versare,
1715 2109 1754 2139 et

319 2159 342 2180 a
364 2148 523 2191 politicis
548 2149 874 2194 imperatorumque
902 2151 1056 2195 negotiis
1080 2149 1262 2183 abstinere
1288 2150 1430 2184 debere.
1480 2150 1584 2184 Talia
1609 2151 1753 2185 denun-

318 2193 427 2226 tiavit
461 2194 680 2238 imperator,
723 2194 821 2240 quod
849 2197 1084 2239 patriarcham
1120 2207 1163 2229 ea
1200 2195 1474 2230 denuntiatione
1508 2197 1750 2238 teri-effictum,

318 2239 497 2272 libentius
520 2242 712 2274 taciturum
742 2241 961 2275 confideret:
996 2242 1059 2287 qui
1087 2243 1256 2288 sequenti
1283 2243 1363 2276 luce
1388 2254 1455 2288 per
1486 2243 1753 2276 internuntium

319 2286 374 2318 sic
406 2286 614 2330 respondit:
650 2288 740 2332 Ego,
778 2287 971 2331 imperator
994 2289 1152 2332 optime,
1184 2288 1338 2329 hortari,
1379 2288 1529 2322 suadere
1566 2295 1603 2322 et
1626 2299 1754 2334 cogere

282 2364 287 2367 ,
319 2331 469 2375 insuper
493 2332 538 2365 ad
571 2332 732 2366 officium
756 2344 876 2379 neque
899 2334 1044 2375 volens,
1074 2344 1195 2379 neque
1230 2335 1386 2375 invitus,
1422 2335 1469 2369 ob
1493 2335 1659 2368 timorem
1692 2335 1753 2368 ni-

319 2377 470 2417 mirum,
501 2380 791 2422 praetermittam.
849 2378 958 2424 Quod
995 2381 1025 2412 si
1052 2385 1093 2413 tu
1136 2382 1175 2413 in
1208 2380 1275 2412 tali
1307 2381 1383 2414 otio
1420 2379 1511 2413 mihi
1549 2379 1750 2425 degendum

276 2447 277 2450 =
323 2423 495 2467 opinare,
519 2429 561 2456 ut
581 2436 648 2458 nec
670 2425 791 2469 lingua
814 2429 917 2465 utar,
940 2437 1008 2458 nec
1030 2426 1197 2466 auribus,
1220 2436 1287 2459 nec
1311 2427 1445 2466 oculis,
1469 2426 1508 2459 id
1530 2425 1620 2459 mihi
1644 2432 1750 2460 ante-

325 2480 431 2513 quam
459 2470 628 2503 ecclesiae
658 2469 764 2503 huius
790 2471 939 2504 antistes
963 2471 1120 2517 legerer,
1156 2472 1356 2517 significare
1384 2472 1553 2506 debuisti.
1600 2472 1638 2504 Si
1672 2476 1751 2505 tum

325 2526 390 2559 ego
416 2526 561 2560 quoque
587 2516 626 2550 id
649 2527 713 2561 pro
739 2527 853 2561 aequo
882 2521 918 2549 et
941 2516 1037 2551 bono
1063 2517 1322 2562 probavissem,
1346 2529 1442 2551 nunc
1466 2527 1611 2551 necesse
1634 2515 1750 2552 habe-

325 2572 400 2594 rem
428 2561 515 2594 boni
539 2563 744 2596 consulere:
770 2563 825 2595 sin
849 2562 950 2596 aliud
971 2563 1210 2608 patriarcham
1237 2563 1363 2597 decere
1381 2563 1608 2604 indicassem,
1632 2564 1749 2606 alteri,

325 2609 384 2639 cui
402 2607 484 2640 talis
507 2609 579 2641 vita
605 2609 789 2653 proposita
814 2608 960 2649 fuisset,
983 2608 1153 2643 thronum
1180 2610 1373 2643 cessissem.
1421 2609 1603 2654 Quoniam
1628 2615 1749 2643 autem

327 2651 449 2687 divino
484 2664 631 2688 munere
656 2666 730 2690 non
761 2654 875 2688 solum
911 2665 1113 2699 germanam
1147 2655 1319 2690 ecclesiae
1353 2654 1554 2689 doctrinam
1578 2655 1747 2697 defendo,
