1832 3138
4 614 29 680 {a

40 174 48 194 S

580 117 963 162 ms'romARUM
984 103 989 106 ’
1005 122 1038 160 ι.
1070 122 1139 168 32.
1455 88 1560 172 ¹59

38 279 41 282 „
103 223 189 282 γῶν
210 220 365 272 ἑαυτὸν
387 207 604 279 ἓγχειρίσῃ
631 221 691 278 τῷ
713 221 987 276 πολεμοῦντι,
1031 223 1172 264 πᾶσαν
1191 204 1409 278 πρόφασιν
1434 219 1556 262 πολέ-
1567 221 1608 257 A.
1623 219 1756 258 C.=322

100 302 190 346 μου
210 284 429 348 περιεῖλεν.
470 285 554 330 εἴτε
577 284 660 343 γὰρ
687 280 790 344 ᾤετο
811 282 1064 341 ἀδικεῖσθαι,
1102 286 1176 330 τὸν
1197 285 1421 329 ἀδικοῦντα
1449 284 1560 340 ἔχων

101 354 342 414 ἧσυχάσει,
362 351 447 398 εἴτε
467 351 755 410 προῦθυμεῖτο
780 354 1051 405 πλεονεκτεῖν,
1080 353 1204 395 πλέον
1227 351 1336 406 ἔχων
1353 345 1403 393 οὗ
1429 365 1560 407 προσ-

103 419 305 478 cadmus,
343 420 418 463 καί
440 414 554 461 οὕτω
577 414 788 460 παύσεται
810 418 888 459 τοῦ
912 421 1126 471 πολεμεῖν.
1169 415 1234 460 ὃιὸ
1265 419 1334 459 δεῖ
1353 416 1425 458 καὶ
1447 417 1560 473 ἡμᾶς

22 496 33 545 ’ζ
75 487 282 544 ὄβεβαίας
307 484 476 547 εἰρήνης
504 484 842 538 ἐπιθυμοῦντας,
891 483 979 541 θεῷ
1006 497 1050 526 τε
1082 481 1382 540 θαρρήσαντας
1411 481 1484 524 καὶ
1510 483 1562 538 τῇ

25 551 30 562 “
89 554 288 612 σφετέρᾳ
317 551 462 595 αὐτῶν
486 551 638 608 πράξει
659 549 718 600 ὥς
751 545 909 606 ἀγαθῇ,
938 549 1078 591 πᾶσαν
1107 547 1184 604 τὴν
1213 544 1265 604 ἀρ
1270 547 1351 604 χὴν
1376 547 1496 604 ἡμῶν
1517 563 1565 589 τε

101 615 242 664 αὖτόν
264 617 340 663 καί
367 615 529 660 πόλεων
567 615 643 660 καὶ
663 614 883 674 προσόδων
910 613 1145 671 ἐγχειρίσαι
1171 615 1230 672 τῷ
1252 618 1439 668 βασιλεῖ·
1486 611 1560 656 οὕ-

97 703 159 730 τω
184 686 232 729 δὲ
251 683 503 742 πράξαντες,
547 685 690 727 πᾶσαν
710 682 923 739 πρόφασιν
943 683 1028 724 τῶν
1052 682 1327 738 συκοφαντῶν
1356 682 1591 736 διαβολῆςΒ

98 753 398 812 περιελοῦμεν·
435 751 605 795 ἐκείνων
640 751 688 793 δὲ
717 749 997 802 πεπαυμένων
1031 753 1300 803 κακουργεῖν,
1342 743 1464 788 οὐδὲν
1494 746 1558 788 ἔτι

2 699 8 720 l

0 674 299 888 ἑιοέμποδών
319 816 440 862 ἔσται
464 815 645 872 βαθείας
679 813 911 858 ἀπολαύειν
938 811 1098 863 πάντας
1123 810 1301 870 εἰρήνης.
1356 813 1396 854 εἰ
1417 814 1456 854 δ’
1477 807 1557 854 αὖ-

98 887 173 936 θις
188 883 442 942 χωρήσομεν
461 884 522 933 εἷς
541 878 794 940 μερισμοῦς,
823 882 990 938 πρῶτον
1007 882 1086 934 μὲν
1109 875 1212 922 αὐτὸ
1230 880 1354 921 τοῦτο
1371 912 1384 931 ,
1410 878 1455 920 τὸ
1479 880 1557 920 δυ-

95 953 167 996 σὶν
188 949 302 995 ἔτεσι
322 949 398 994 καὶ
425 947 624 1006 ἑξήκοντα
656 945 761 1003 ὅμοῢ
783 946 951 990 πάντων
976 941 1162 1004 ἄρχοντα
1192 943 1344 999 αὐτὸν,
1383 946 1460 988 νῦν
1482 945 1556 1001 τῆς

97 1015 207 1061 κατὰ
241 1017 411 1060 πάντων
441 1016 635 1066 ἔξουσίας
665 1011 1016 1071 ἀποστερεῖσθαι,
1059 1010 1204 1055 ἱκανὸν
1234 1009 1340 1068 πρὸς
1364 1007 1555 1068 ταραχήν

96 1084 171 1127 καὶ
183 1079 366 1127 δυνατὸν
390 1087 479 1132 τοῖς
499 1076 785 1138 συκοφάνταις
806 1085 949 1122 πεῖσαι
975 1080 1198 1136 προσέχειν
1223 1077 1282 1128 ὥς
1308 1075 1555 1132 ἐπιβουλεύ-

6 1141 16 1178 ”’
42 1147 186 1192 fieta:
204 1150 308 1205 παρ’
325 1147 447 1206 ἡμῶν
467 1147 877 1202 καταψευδομένοις.
923 1144 1069 1187 ἔπειτα
1103 1146 1150 1187 δὲ
1186 1143 1260 1186 καί
1277 1142 1441 1193 τούτοις
1472 1139 1552 1184 αὖ-

92 1215 204 1270 τοῖς,
243 1211 345 1258 ὥστ’
365 1212 478 1269 ἔχειν
501 1212 675 1270 ῥάπτειν
693 1210 766 1261 τὰς
793 1209 1012 1266 διαβολάς,
1049 1207 1152 1267 ’ὅλην
1178 1206 1232 1253 ἂν
1258 1210 1550 1267 παράσχωμεν
1562 1217 1604 1253 V.
1619 1220 1664 1255 80

91 1279 268 1337 πολλήν·
295 1280 480 1334 ἐχόντων
505 1280 552 1321 δὲ
577 1279 744 1323 ἐκείνων
771 1277 952 1331 δύναμιν
973 1283 1240 1334 κακουργεῖν,
1270 1273 1348 1318 οὐκ
1378 1278 1422 1319 ἐν
1446 1280 1586 1321 πολ-Ο

91 1346 154 1405 λῷ
173 1341 314 1406 χρόνῳ
340 1343 754 1401 ἀναγκασθησόμεθα
780 1339 908 1395 αὖθις
937 1347 1156 1397 πολεμεῖν.
1196 1342 1271 1385 οὖκ
1292 1342 1556 1399 ἧρεμήσουσι

91 1409 191 1468 γάρ,
234 1406 362 1470 ἄχρις
385 1406 439 1454 ἂν
476 1413 687 1460 ποικίλαις
714 1409 787 1452 καί
819 1414 992 1460 πολλαῖς
1029 1411 1249 1464 διαβολαῖς
1290 1409 1555 1464 ἑξορμήσωσι,

20 1475 198 1536 ἸΣιοπρὸς
231 1476 410 1532 πόλεμον
443 1473 517 1520 τόν
547 1477 750 1532 βασιλέα.
777 1473 838 1532 μὴ
874 1473 1128 1531 θαυμάσητε
1163 1476 1224 1529 δὲ,
1256 1476 1296 1517 εἰ
1323 1472 1439 1531 παρά
1468 1476 1553 1517 τῶν

92 1544 402 1601 νεωτεροποιῶν
418 1542 578 1587 τούτων
598 1544 671 1585 καί
693 1541 871 1600 φθόρων
899 1540 1238 1597 ἐξαπατήσεσθαι
1275 1539 1553 1595 τὸνβασιλέα

82 1609 248 1664 ’λέγων,
297 1606 487 1665 ἐμαυτὸν
520 1609 675 1665 ἐξαίρω
706 1610 784 1650 τοῦ
808 1606 935 1663 λόγου
959 1606 1017 1657 ὥς
1039 1605 1100 1664 μὴ
1131 1606 1185 1649 τὰ
1210 1606 1283 1650 ἴσα
1321 1605 1552 1661 δυνάμενον

92 1676 262 1730 παθεῖν,
292 1674 450 1733 (καίτοι
471 1687 519 1731 γε
537 1671 668 1725 οὕτως
694 1671 779 1729 ἔχω
799 1675 1068 1730 παρασκευῆς
1085 1672 1158 1715 καί
1174 1672 1353 1729 γνώμης,
1383 1673 1440 1722 (ὃς
1458 1673 1554 1715 οὔδ’

93 1779 283 1813 lacessant.
340 1774 451 1823 Quod
483 1776 628 1823 si'quis
662 1773 802 1808 bellum
835 1775 996 1808 moventi
1034 1785 1071 1808 se
1106 1774 1203 1809 ultro
1238 1775 1450 1817 tradiderit,
1476 1777 1549 1811 iam

91 1825 233 1860 bellum
257 1834 363 1859 omne
391 1823 590 1858 sustulerit.
616 1822 698 1855 Sive
725 1822 820 1856 enim
837 1822 902 1857 ille
927 1832 964 1854 se
989 1821 1087 1854 laedi
1111 1822 1324 1865 arbitratur,
1343 1824 1550 1857 laedentem

91 1870 234 1907 habens
258 1873 299 1906 in
323 1875 529 1916 potestate,
554 1869 733 1916 quiescit3
758 1869 834 1902 sive
857 1868 910 1901 rei
937 1868 1122 1913 augendae
1146 1869 1329 1909 studebat,
1353 1871 1435 1915 plus
1460 1870 1549 1904 ade-

90 1924 178 1967 ptus
204 1929 311 1966 quam
336 1917 531 1964 sperabat,
569 1917 678 1950 etiam
702 1917 754 1949 sic
777 1927 874 1948 arma
910 1914 1081 1960 deponet.
1142 1915 1266 1961 Quare
1299 1921 1336 1950 et
1367 1929 1432 1950 nos
1457 1928 1548 1962 opus

92 1971 163 2009 est,
186 1963 253 2014 qui
273 1976 400 2012 pacem
424 1964 674 1998 inconcussam
699 1963 917 2007 expetimus,
934 1962 1020 1994 Deo
1047 1967 1085 1995 et
1109 1963 1286 2008 aequitati
1305 1975 1429 1997 causae
1454 1963 1550 1997 inni-

90 2018 225 2054 tentes,
250 2023 359 2047 omne
384 2011 578 2058 imperium
604 2015 641 2043 et
665 2009 703 2042 in
730 2021 796 2042 nos
826 2010 924 2054 ipsos
951 2013 988 2042 et
1011 2009 1050 2041 in
1083 2008 1190 2042 urbes
1224 2015 1261 2043 et
1285 2011 1325 2043 in
1357 2010 1549 2056 vectigalia

93 2070 160 2097 avo
184 2057 435 2094 transcribere.
496 2057 535 2091 Si
568 2058 619 2090 ita
645 2056 860 2094 fecerimus.
890 2055 1184 2089 criminatoribus
1218 2067 1257 2090 os
1287 2056 1546 2100 obturabitur-3

93 2106 228 2154 quibus
256 2105 400 2140 malitia
425 2102 762 2151 supersedentibus,
786 2101 882 2136 nihil
907 2101 1097 2147 impediet,
1124 2102 1215 2148 quin
1235 2114 1358 2138 omnes
1383 2103 1548 2137 firmissi-

90 2163 266 2200 ma‘pace
290 2153 529 2198 perfruamur.
578 2150 644 2185 Sin
670 2161 790 2183 rursus
819 2149 864 2183 ad
890 2148 1119 2194 partiendum
1146 2150 1337 2195 imperium
1359 2151 1548 2198 aggredie-

90 2211 185 2242 mur,
209 2199 366 2246 primum
389 2199 484 2233 istuc
507 2198 643 2244 ipsum,
671 2196 757 2230 totis
784 2195 926 2230 duobus
951 2201 988 2229 et
1024 2197 1208 2241 sexaginta
1235 2198 1339 2231 annis
1366 2209 1450 2232 eum
1474 2199 1547 2232 im-

89 2247 268 2295 peritasse
291 2245 486 2288 omnibus,
521 2250 559 2279 et
582 2243 679 2278 nunc
715 2243 861 2287 imperii
891 2242 998 2277 huius
1037 2242 1330 2277 imminutionem
1363 2245 1463 2290 pati,
1500 2243 1548 2278 ad

89 2294 292 2329 tumultum
315 2292 445 2328 sufficit
468 2297 506 2326 et
522 2302 638 2332 avum,
662 2295 704 2324 ut
730 2289 1036 2323 obtrectatoribus
1060 2301 1126 2324 nos
1146 2290 1219 2324 sibi
1238 2291 1388 2325 insidias
1409 2297 1547 2326 struere

91 2339 356 2376 mentientibus
381 2338 516 2380 eredat,
552 2336 741 2384 impellere
765 2341 897 2382 potest.
946 2335 1089 2370 Deinde
1126 2337 1182 2370 his
1219 2338 1306 2382 ipsis
1334 2337 1547 2372 hominibus

90 2387 139 2423 ad
162 2386 386 2423 consuendas
407 2385 662 2431 sycophantias
689 2395 809 2417 ansam
831 2383 983 2416 multam
1006 2384 1287 2428 praebebimus:
1325 2387 1388 2432 qui
1423 2386 1454 2419 si
1477 2397 1546 2420 ne-

90 2435 231 2483 quitiae
261 2432 486 2469 exercendae
510 2432 723 2467 facultatem
745 2431 845 2463 nacti
870 2431 1028 2470 fuerint,
1060 2442 1135 2464 non
1164 2432 1319 2465 multum
1343 2426 1547 2467 inte‘rcedet

89 2482 279 2528 temporis,
308 2493 389 2516 cum
414 2491 513 2514 arma
537 2484 702 2524 repetere
728 2487 918 2522 cogemur:
942 2477 1081 2510 nullam
1110 2479 1246 2524 quippe
1275 2484 1414 2523 partem
1439 2480 1546 2524 quie-

89 2527 140 2563 tis
165 2529 329 2574 capient,
363 2528 480 2562 donec
502 2525 670 2571 pluribus
697 2529 733 2557 et
757 2524 864 2556 variis
890 2523 1205 2558 criminationibus
1230 2526 1437 2569 imperatori
1462 2525 1544 2559 bel—

90 2574 170 2608 lum
191 2575 450 2621 persuaserint.
499 2572 555 2607 Ne
581 2577 702 2605 autem
726 2570 929 2611 miremini,
953 2571 982 2604 si
1007 2582 1087 2604 cum
1113 2572 1158 2605 ab
1182 2571 1262 2606 istis
1288 2583 1406 2605 rerum
1431 2583 1546 2605 nova—

92 2632 174 2656 rum
195 2622 340 2669 cupidis
367 2633 407 2656 ac
431 2620 617 2666 pestiferis
643 2617 854 2652 hominibus
890 2627 995 2650 avum
1025 2618 1064 2652 in
1088 2618 1251 2652 fraudem
1276 2619 1463 2653 inductum
1496 2619 1545 2653 iri

92 2667 233 2710 dicam,
259 2669 318 2704 me
352 2667 440 2702 hinc
473 2667 617 2708 eximo,
653 2664 758 2711 quasi
794 2675 869 2698 non
906 2663 1004 2698 idem
1039 2664 1129 2698 mihi
1168 2671 1278 2712 queat
1313 2667 1542 2712 contingere,

91 2713 254 2761 (tametsi
279 2716 332 2751 ita
356 2720 505 2762 paratus
544 2718 583 2749 et
608 2711 792 2747 animatus
825 2721 927 2754 sum,
955 2716 998 2746 ut
1029 2712 1059 2745 si
1081 2711 1174 2758 quid
1204 2712 1364 2756 eveniat,
1387 2723 1435 2747 ne
1458 2724 1542 2751 vere
