1852 3146
358 89 473 154 204
882 102 1254 147 cAmAcanm

161 209 243 245 A.c.
259 211 344 246 1325
356 207 427 248 ἐπὶ
452 209 539 254 τοῖς
565 203 786 258 βασιλεῦσι
809 205 1081 260 στεφομένοις
1103 207 1294 261 γινομένη
1314 204 1471 261 τελετή·
1496 205 1523 262 ἧ
1552 205 1604 262 δὴ
1627 208 1789 267 γέγονεν

351 268 474 323 ὁμοία
506 270 579 310 καί
600 270 667 310 ἐπ’
690 269 940 327 Ἀνδρονιότῳ
968 271 1028 327 τῷ
1046 273 1124 328 νέῳ
1142 274 1326 325 βασιλεῖ’,
1359 273 1650 329 Φεβρουαρίου
1672 269 1789 322 ἱστα-

349 336 478 388 μένου
499 334 572 389 τῆς
602 332 753 390 ὄγδόης
777 335 1041 385 ι’νὸικτιῶνος.

157 403 197 436 A.
211 404 248 437 C.
264 404 349 438 1326
458 397 540 452 μβ.
604 400 687 440 Τοῦ
709 400 754 441 δὲ
783 400 970 450 ἐπιόντος
995 400 1116 451 ἔτους
1137 398 1243 444 κατὰ
1266 402 1378 458 μῆνα
1404 401 1694 459 Φεβρουάριον
1718 402 1786 444 ἐν·

226 471 260 503 Ρ.
273 468 341 506 126
351 461 477 518 νάτης
506 464 782 519 ἶνδικτιῶνος,
811 468 856 508 ἐκ
879 468 954 521 τῆς
974 467 1168 520 Σαβωῖας
1202 468 1262 515 εἰς
1280 469 1515 518 Βυζάντιον
1532 462 1634 524 ἧκεν
1649 462 1811 515 ’Ἀνναό
1849 504 1852 510 ,

348 529 375 584 ἦ
404 531 592 583 βασιλὶς,
621 529 778 585 πολλὴν
803 533 1035 587 ἐπαγομένη
1069 533 1141 573 καί
1161 532 1380 587 βασιλικὴν
1407 535 1638 589 θεραπείαν
1665 531 1711 575 ἔκ
1739 549 1785 576 τε

311 593 516 650 Βοῖνὸρῶν
537 593 690 647 ὁμοίως
717 594 790 637 καί
816 597 1036 650 γυναικῶν.
1080 593 1125 637 ἔκ
1147 611 1193 638 τε
1221 597 1300 653 γὰρ
1331 599 1412 640 τῶν
1431 597 1547 653 παρὰ
1581 596 1785 647 Λατίνοις

345 658 638 715 καβαλλαρίων
671 659 745 702 καὶ
777 662 1003 718 σκουερίων
1038 663 1268 717 λεγομένων
1293 657 1371 719 ἥγε
1396 661 1574 711 πολλοὺς
1600 661 1675 705 καὶ
1701 663 1784 705 τῶν

344 717 482 773 ἄλλως
515 727 616 780 παρ’
647 723 787 775 αὐτοῖς
817 727 1095 781 εὐπατριδῶν·
1143 729 1216 771 καὶ
1244 727 1321 777 τοὶς
1354 729 1399 770 ἐν
1426 724 1585 783 ἑτέροις
1614 724 1783 783 χρόνοις

341 790 403 839 εἷς
438 787 514 845 τήν
554 789 784 843 εΡωμαίων
831 793 876 842 ἐξ
916 792 1162 838 ἀλλοδαπῶν
1207 791 1513 851 ἆφικνουμένας
1559 791 1835 854 βασιλίδαςιο

340 854 540 910 ὖπερεῖχε
576 857 834 915 πολυτελείᾳ.
868 860 1131 915 προσεδέχθη
1164 877 1210 903 τε
1238 859 1392 913 ὁμοίως
1413 858 1530 914 παρὰ
1556 856 1635 900 τοῦ
1656 861 1782 912 βασι-

339 920 446 968 λέως
473 919 545 961 καί
572 922 772 974 κηδεστοῦ
795 924 1022 976 βασιλικῶς
1049 941 1092 966 τε
1115 927 1187 967 καί
1202 925 1526 982 μεγαλοπρεπῶς
1545 925 1619 966 καὶ
1638 919 1778 980 ὥσπερ

338 979 532 1041 ἦνιεῖκὸς
570 983 645 1040 τήν
675 988 881 1039 βασιλέως
918 990 990 1030 καί
1023 988 1120 1031 υἱοῦ
1146 988 1341 1046 γαμετήν.
1376 991 1610 1044 συμβέβηκε
1635 989 1682 1032 δὲ
1707 990 1783 1031 καὶ

338 1050 519 1102 βασιλέα
540 1049 613 1091 τὸν
644 1052 734 1092 νέον
765 1053 823 1108 τῷ
840 1054 1061 1111 Βυζαντίῳ
1084 1054 1187 1097 κατὰ
1211 1054 1282 1097 τὸν
1314 1052 1446 1096 aniz-dv
1469 1051 1616 1110 καιρὸν
1638 1054 1780 1096 ἐνδια-

337 1115 507 1168 τρίβειν.
543 1114 570 1170 ἢ
599 1116 644 1156 δὲ
666 1118 832 1169 βασιλὶς
863 1112 996 1160 ’‘Avva
1028 1121 1082 1176 τῇ
1113 1136 1158 1162 τε
1183 1120 1288 1162 κατὰ
1309 1118 1383 1162 τὸν
1412 1120 1545 1163 πλοῦν
1566 1121 1834 1165 vastatum-15

300 1193 328 1227 c
342 1180 412 1236 ρίᾳ
434 1180 506 1221 καί
528 1180 580 1236 τῇ
599 1182 680 1222 τῶν
705 1181 842 1237 ἆέρων
860 1185 1063 1242 ἐναλλαγῇ
1081 1183 1126 1227 τὸ
1150 1187 1272 1239 σῶμα
1295 1189 1564 1240 πεπονηκυῖα,
1584 1182 1780 1240 ἐνόσησεν

340 1240 498 1297 ὀλίγαις
528 1243 705 1300 ἡμέραις
735 1242 912 1303 ὕστερον
939 1250 1014 1304 τῆς
1043 1247 1227 1307 ἀφίξεως
1255 1250 1401 1306 αὐτῆς.
1436 1246 1474 1304 ὅ,
1495 1265 1539 1293 τε
1562 1250 1653 1300 νέος
1679 1249 1780 1299 Ἀν-

339 1306 527 1363 δρόνικος
550 1312 673 1351 τοῦτο
699 1313 778 1363 μὲν
809 1312 882 1354 καί
917 1313 986 1355 διὰ
1015 1312 1090 1370 τὴν
1125 1317 1200 1370 τῆς
1228 1316 1443 1369 βασιλίδος
1478 1311 1621 1368 νόσον,
1658 1316 1779 1357 τοῦτο

338 1375 362 1414 δ
376 1375 402 1426 ’,
427 1369 493 1415 fin
516 1377 590 1416 καί
607 1375 732 1431 χρεία
756 1393 819 1427 τις
854 1374 1138 1435 ἀπαραίτητος
1160 1379 1322 1434 ἐκάλει,
1347 1378 1450 1436 πρὸς
1467 1379 1544 1430 τὰς
1563 1379 1636 1423 ἐπί
1663 1379 1779 1437 Θρᾴ-

336 1454 411 1492 κης
438 1437 548 1495 ἐξῄει
570 1437 717 1493 πόλεις,
754 1441 828 1483 καί
853 1444 1065 1499 διέτριψεν
1086 1440 1189 1502 ἄχρι
1215 1445 1486 1502 φθινοπώρου
1515 1446 1562 1487 ἐν
1586 1443 1832 1495 ἐκείναιςαο

328 1502 579 1560 Ὀκτωβρίου
606 1507 652 1548 δὲ
674 1504 898 1560 ἱσταμένου
930 1510 1004 1563 τῆς
1033 1508 1206 1566 δεκάτης
1233 1512 1502 1565 ἰνδικτιῶνος,
1529 1512 1589 1561 εἷς
1609 1510 1777 1562 Βυζάν-

334 1583 427 1610 τιον
446 1570 644 1624 ἐπανῆκε.
682 1573 756 1613 καί
775 1572 803 1627 ἤ
826 1572 1028 1628 γαμήλιος
1053 1577 1231 1617 ἐτελεῖτο
1255 1571 1379 1632 ἑορτὴ
1409 1573 1583 1632 λαμπροὶ
1604 1575 1679 1618 καὶ
1695 1591 1777 1625 ,πε-

335 1632 529 1689 ριφανῆς·
567 1631 706 1692 ὥσπερ
742 1638 790 1678 δὲ
823 1636 920 1687 ἔθος
955 1644 1042 1689 τοῖς
1077 1641 1320 1694 βασιλεῦσι,
1358 1637 1465 1699 μετὰ
1493 1638 1542 1682 τὸ
1579 1640 1652 1684 ἐπὶ
1675 1645 1765 1691 τοῖς

392 1704 397 1708 1
426 1725 459 1758 8.
479 1711 524 1755 ⁴In
542 1723 676 1757 Graeco
699 1727 908 1771 σκουερίων
921 1752 931 1768 ,
956 1732 993 1761 et
1010 1727 1062 1762 ita
1082 1729 1189 1762 etiam
1210 1726 1400 1774 legebatur
1420 1728 1460 1762 in
1478 1728 1602 1763 codice
1619 1729 1771 1775 Interpr.

427 1768 584 1814 Cori-igit
610 1776 729 1803 autem
755 1775 1002 1816 σκουταρίων,
1037 1774 1101 1807 sed
1132 1774 1227 1808 nihil
1253 1786 1363 1819 opus,
1391 1785 1471 1808 cum
1497 1776 1658 1820 potuerit
1684 1776 1775 1810 elidi

425 1825 471 1847 ex
493 1815 661 1851 scudiere
685 1817 855 1850 Italorum
879 1825 941 1852 aut
954 1831 1105 1864 escuyer
1124 1821 1330 1863 Gallorum3
1365 1832 1448 1854 nam
1467 1821 1625 1865 utrique,
1648 1827 1690 1856 ut
1714 1827 1772 1856 et-

426 1861 500 1894 iam
517 1863 694 1904 Alamani‚
719 1863 842 1897 Latini
859 1867 1062 1910 promiscue
1078 1866 1248 1902 dicuntur
1267 1866 1364 1914 apud
1385 1867 1541 1902 Graecos
1559 1868 1769 1921 inferiores.

425 1908 506 1942 ED.
525 1908 565 1942 P.

333 1975 410 2009 vari
435 1976 565 2009 solitus
589 1977 671 2011 talis
696 1983 763 2012 est:
788 1983 825 2013 et
848 1986 1008 2015 servatus
1033 1987 1088 2016 est
1109 1983 1217 2016 etiam
1239 1983 1279 2017 in
1301 1981 1507 2018 Andronico
1530 1983 1674 2019 iuniore
1696 1983 1769 2018 im-

331 2027 512 2065 peratore,
539 2023 743 2070 Indictione
767 2031 902 2067 octava,
927 2029 1078 2062 ineunte
1104 2041 1227 2063 mense
1250 2030 1461 2066 Februario,

425 2068 480 2111 42.
530 2068 625 2102 Anni
648 2073 832 2116 sequentis
858 2084 979 2107 mense
1012 2075 1100 2107 item
1125 2076 1322 2110 Februario
1338 2102 1348 2116 ,
1374 2075 1578 2110 Indictione
1606 2086 1722 2117 nona,
1747 2087 1769 2110 e

334 2112 518 2147 sabaudia
547 2115 757 2157 Byzantium
788 2120 887 2152 venit
910 2119 1010 2153 Anna
1034 2122 1245 2166 imperatrix
1279 2123 1463 2168 frequenti
1486 2129 1524 2157 et
1547 2121 1645 2167 regio
1668 2123 1768 2156 viro-

335 2170 415 2192 rum
453 2160 740 2208 feminarumque
777 2165 958 2198 comitatu.
1019 2167 1110 2200 Nam
1142 2173 1179 2201 et
1211 2179 1255 2202 ex
1278 2168 1477 2202 caballariis
1519 2172 1556 2203 et
1589 2169 1774 2211 scutariis,

332 2211 376 2238 ut
399 2206 496 2250 apud
520 2207 667 2240 Latinos
692 2209 879 2251 dicuntur,
911 2212 1018 2244 multi
1042 2215 1286 2260 sequebantur
1311 2215 1449 2262 aliique
1473 2214 1570 2249 domi
1594 2225 1768 2257 81188,ῃο-

332 2250 448 2285 biles:
490 2253 652 2297 luxuque
686 2260 722 2288 et
757 2258 1023 2301 magnificentia
1059 2261 1145 2294 alias
1171 2272 1190 2294 e
1214 2262 1302 2295 locis
1328 2262 1484 2295 externis
1507 2263 1547 2295 in
1570 2261 1766 2295 Romanum

331 2298 450 2331 solum
475 2298 642 2332 adductas
668 2307 818 2346 nuptum
843 2304 1118 2348 imperatoribus
1152 2309 1292 2351 reginas
1325 2308 1529 2352 superabat.
1587 2306 1617 2340 A
1640 2317 1764 2341 socero

330 2344 551 2388 imperatore
576 2347 748 2389 perinde,
794 2354 830 2382 et
854 2355 895 2382 ut
918 2351 1142 2394 imperatoris
1167 2365 1207 2386 ac
1230 2354 1298 2386 filii
1322 2365 1486 2398 sponsam
1512 2352 1763 2394 conveniebat,

331 2391 444 2435 regali
469 2397 639 2435 apparatu
667 2399 812 2438 accepta
837 2402 901 2430 est.
960 2397 1059 2431 Belle
1083 2404 1202 2432 autem
1226 2398 1368 2438 cecidit,
1395 2405 1437 2433 ut
1463 2400 1493 2432 is
1519 2398 1645 2433 eodem
1667 2403 1763 2432 tem-

330 2447 420 2481 pore
444 2437 605 2480 Byzantii
638 2446 846 2475 moraretur.
899 2440 1001 2475 Anna
1040 2456 1083 2477 ex
1111 2445 1306 2479 insolentia
1337 2447 1576 2490 navigationis
1608 2450 1645 2478 et
1668 2445 1763 2479 coeli
1817 2449 1822 2455 ‘

330 2484 533 2516 mutatione
558 2483 750 2526 afflictata,
800 2488 922 2531 paucis
948 2489 992 2521 ab
1018 2491 1174 2523 adventu
1207 2491 1337 2524 diebus
1372 2492 1578 2535 aegrotavit.
1636 2492 1762 2525 Iunior

328 2527 556 2563 Andronicus
579 2532 710 2574 partim
734 2539 880 2577 propter
904 2534 980 2567 eius
1004 2537 1190 2576 morbum,
1236 2538 1368 2581 partim
1401 2549 1466 2582 pro
1495 2543 1551 2571 ter
1579 2537 1761 2583 quoddam

329 2577 515 2620 negotium
537 2587 683 2621 prorsus
705 2581 945 2612 necessarium
970 2581 1015 2614 ad
1040 2583 1145 2616 urbes
1171 2581 1344 2617 Thraciae
1369 2583 1538 2625 excutit,
1562 2585 1601 2617 in
1626 2584 1760 2629 quibus

329 2633 445 2666 usque
471 2621 516 2654 ad
539 2628 751 2657 autumnum
774 2624 909 2665 haesit,
948 2632 985 2660 et
1007 2628 1114 2662 initio
1143 2628 1331 2670 Octobris,
1371 2629 1576 2664 Indictione
1601 2629 1758 2671 decima,

328 2668 539 2711 Byzantium
566 2669 724 2704 revertit
784 2670 930 2716 Nuptiis
962 2674 1135 2719 singulari
1169 2680 1206 2709 et
1228 2674 1363 2711 illumi
1387 2682 1559 2723 apparatu
1592 2677 1758 2724 peractis,
