1728 3158
59 70 147 147 ’ρξε’
199 106 201 108 -
271 93 576 138 ἛυῖτῖοΝιε
614 94 904 136 ΡΑΒῖειΝΑΕ
941 92 1260 137 Pam-Ano.
1471 93 1525 134 lx

52 202 380 264 >‘1‚(}231⁸oners
409 210 492 263 regi
517 207 570 247 ab
592 207 744 247 intimis
765 205 942 246 consiliis
967 213 1007 246 et
1039 207 1228 256 secretis,
1268 207 1380 246 cuius
1404 219 1526 246 curae

60 324 63 325 ⁷
98 322 100 326 μ
128 270 254 316 {heia
294 278 431 334 regia,
484 281 590 314 artes
605 303 618 325 ,
663 275 830 327 ipsaque
869 273 1149 326 typographia
1190 274 1300 327 regia
1332 273 1526 330 permissa

104 358 151 378 m·
178 371 191 395 ,
235 356 313 397 pro
343 337 536 397 singulari
567 339 818 380 humanitate
843 351 916 377 sua
930 366 942 389 ‚
980 352 1136 392 proque
1158 340 1297 379 innato
1325 353 1408 389 non
1433 338 1525 380 vul-

186 423 284 464 erga
303 408 458 450 litteras
481 405 627 447 affectu
641 432 654 458 ,
694 419 867 460 quarum
890 406 1220 459 propagationem
1244 406 1295 446 ad
1328 420 1528 446 summam

47 474 365 535 ”,αεαιΡώ1ἱοω
403 474 607 529 pertinere
646 472 775 527 probe
812 472 887 511 scit
901 499 913 522 ‚
962 471 1098 509 statim
1138 473 1335 524 optimum
1378 472 1529 512 factum

104 539 218 582 'err
236 540 316 583 sibi
336 541 602 596 significavit,
641 546 687 579 ut
711 536 931 591 δίγλωττος
962 531 1149 576 ederetur
1180 545 1321 577 auctor
1350 538 1440 578 luce
1465 538 1527 578 di-

56 607 289 665 μίεείπιαε
302 635 316 659 ,
373 621 456 662 quo
489 613 683 660 utrosque
715 605 802 644 voti
837 610 1043 657 compotes
1074 603 1244 642 faceret:
1288 611 1413 658 utque
1443 605 1529 659 ipse

39 690 58 725 ζ
55 672 376 718 Gnutncuzenus
398 687 494 714 cum
518 673 637 713 tineis
662 679 703 711 et
730 670 868 710 blattis
891 683 1074 724 pugnare
1104 668 1303 710 desineret
1316 699 1328 721 ‚
1367 673 1438 724 qui
1467 678 1531 712 tot

43 755 45 758 ·
62 752 229 796 pugnas
255 747 500 796 pugnasset,
528 746 670 793 totque
694 738 908 778 hominum
935 744 1086 790 strages
1105 765 1118 788 ,
1143 737 1379 791 priusquam
1412 751 1434 777 e
1465 739 1529 778 vi-

70 818 220 849 vorum
246 820 419 848 numero
446 807 710 856 eximeretur,
739 804 952 844 edidisset:
983 817 1065 858 quo
1094 802 1199 843 facto
1224 805 1383 857 egregio
1410 818 1529 844 nemo

22 879 57 894 ³
54 872 168 915 καθ
190 875 348 929 sapias
373 872 450 914 ibit
470 873 647 924 inficias,
684 870 1000 910 illustrissimum
1029 871 1164 910 virum
1203 871 1356 923 optime
1376 869 1427 909 de
1461 869 1529 909 lit-

32 932 34 934 ¹
56 934 190 983 fta-is
203 954 295 982 esse
314 940 581 1016 promeritum
595 969 608 991 ,
657 951 787 992 eoque
809 938 974 977 nomine
1001 937 1140 976 unicas
1170 937 1206 976 ei
1230 937 1378 991 gratias
1407 950 1528 990 agen-

54 1004 165 1051 ὼε.
208 1007 358 1059 Quin:
345 1020 458 1058 1mo,
487 1006 522 1046 si
547 1004 647 1059 quid
671 1018 810 1044 manes
839 1004 1041 1054 sentiunt,
1070 1002 1113 1042 id
1141 1003 1219 1056 ipsi
1251 1003 1530 1049 Cantacuzeno

39 1069 60 1078 ’
67 1067 396 1128 acceptissimum
413 1073 501 1114 fore
525 1070 717 1112 credibile
737 1078 813 1121 est,
840 1069 950 1124 quod
969 1070 1137 1110 Latinae
1161 1068 1323 1123 linguae
1343 1075 1383 1108 et
1403 1070 1530 1114 Grae-

3 1134 12 1149 ”
27 1159 49 1197 4
67 1153 148 1184 me
175 1139 377 1195 quodam
389 1140 591 1181 consortio
618 1138 734 1192 quasi
772 1135 1072 1191 quodammodo
1106 1137 1212 1175 inter
1247 1143 1426 1176 veterem
1454 1150 1531 1175 no-

74 1220 267 1262 mque
280 1207 464 1247 Romam
495 1206 600 1247 bene
624 1205 854 1247 convenire
896 1203 1082 1244 videatur
1098 1233 1110 1255 ,
1165 1203 1275 1257 quod
1313 1202 1395 1243 ille
1412 1203 1533 1243 vivus

73 1274 348 1328 percupiunt«
384 1273 497 1314 Hoc
505 1273 631 1326 igitur
658 1270 808 1324 fruere,
834 1271 1009 1322 Lector,
1040 1276 1079 1309 et
1100 1269 1340 1308 beneficium
1362 1282 1533 1323 agnosce

20 1351 42 1362 “
73 1341 155 1389 wiri
169 1369 182 1393 ,
225 1354 308 1395 qno
330 1353 451 1381 nemo
468 1338 532 1382 :ad
559 1338 687 1378 bonas
719 1344 826 1379 artes
851 1336 1180 1391 promovendas,
1223 1343 1262 1375 et
1288 1337 1453 1379 eximios
1472 1335 1532 1381 ab

0 1419 43 1492 ,ξ
71 1415 182 1458 {nte--
189 1421 312 1451 mos
327 1405 528 1450 iuvandos
558 1405 798 1460 propensior
826 1405 983 1455 existit,
1024 1405 1057 1443 si
1090 1417 1175 1443 non
1196 1404 1376 1456 ingratus
1410 1409 1532 1456 atque

0 1494 25 1532 ‚g
71 1474 129 1518 ab
155 1475 267 1516 omni
289 1473 548 1518 humanitate.
569 1471 723 1523 alienus
750 1485 807 1511 es.
864 1433 986 1521 Quod
1008 1471 1041 1510 si
1063 1477 1105 1510 te
1132 1470 1198 1509 hic
1218 1483 1393 1523 aequum
1412 1483 1531 1522 prae-

74 1540 214 1583 bum-is
228 1569 242 1593 ‚
295 1541 429 1595 primo
469 1552 632 1593 quoque
666 1545 849 1592 tempore
882 1551 1021 1584 omnes
1064 1535 1256 1576 historiae
1288 1537 1533 1590 Byzantinae

0 1598 18 1662 Ξ,
74 1608 292 1662 scriptores
309 1614 397 1647 tam
423 1605 552 1646 editos
567 1635 579 1656 ‚
621 1619 746 1659 quam
769 1618 894 1644 manu
916 1610 1097 1652 exaratos
1120 1603 1228 1657 typis
1257 1603 1377 1656 regiis
1409 1601 1532 1641 eden·
1572 1650 1576 1654 .

0 1667 30 1693 '⁷'
75 1674 153 1716 dos
174 1671 374 1714 ‘eiusdem
405 1672 665 1715 illustrissimi
701 1673 781 1712 viri
816 1671 942 1710 ductu
981 1677 1021 1709 et
1054 1670 1174 1723 Regis
1203 1668 1534 1708 Christianissimi

19 1758 28 1769 -’
75 1741 266 1795 auspiciis
284 1738 483 1794 prolaturi
504 1753 667 1779 sumus:
699 1738 750 1777 de
780 1739 892 1776 cuius
918 1737 976 1776 rei
1000 1735 1173 1778 utilitate
1191 1734 1374 1789 plerique
1394 1748 1535 1774 omnes

76 1807 348 1848 consentiunt.
403 1805 490 1845 Vos
515 1805 586 1859 qui
611 1804 765 1844 litteras
795 1803 939 1843 amatis
953 1832 966 1854 ,
1009 1802 1140 1842 favete
1153 1830 1166 1853 ‚
1207 1808 1247 1841 et
1274 1800 1442 1840 consilio
1469 1802 1556 1840 iu-.

74 1879 196 1914 vata.K
223 1873 398 1924 ⁴Fama,
427 1873 558 1912 virtus
573 1901 587 1925 ,
623 1878 664 1910 et
693 1871 793 1910 recti
821 1883 936 1910 amor
971 1883 1064 1907 eum
1095 1868 1332 1919 deseruere,
1350 1867 1433 1920 ,qui
1464 1865 1534 1906 lit-

74 1946 187 1980 ceras
202 1951 287 1979 non
310 1945 446 1990 amat,
485 1945 556 1977 aut
576 1950 642 1977 eas
663 1935 835 1976 incultas
869 1935 1039 1975 deserit:
1080 1942 1120 1974 et
1141 1935 1299 1988 penitus
1321 1932 1533 1986 inglorius,

75 2003 150 2045 vel
162 2003 315 2049 iudicio
339 2018 414 2044 suo
436 2017 511 2043 nec
538 2004 733 2043 memoria
747 2032 760 2054 ,
798 2015 930 2055 neque
957 2000 1100 2041 litteris
1123 2001 1291 2054 dignum
1312 1999 1534 2054 quidquam

11 2072 13 2076 ’
78 2073 225 2126 gessit,
265 2071 336 2112 sed
358 2071 469 2126 quod
490 2078 653 2111 aeterno
675 2069 835 2110 silentio
860 2070 987 2123 magis
1009 2067 1263 2108 obruendum
1291 2068 1342 2107 sit
1355 2096 1368 2121 ,
1410 2080 1534 2121 quam

10 2134 39 2173 ἰ
76 2137 303 2184 litterarum
333 2139 605 2184 monumentis
635 2135 927 2179 mandandum.
974 2133 1102 2181 Vale.
