1760 3152
271 126 430 166 XXXIV
839 117 873 159 l.
918 115 1152 158 PONTANI

270 227 434 275 iudices,
459 218 794 277 quemadmodum
815 218 911 259 olim
935 219 1054 259 duces
1079 219 1269 259 exercitus
1301 210 1719 276 gestabant'tonjuesj'f

267 282 460 322 honorem
499 279 676 329 ipsorum
709 275 1037 314 demonstrantes.
1094 268 1141 312 τὸ
1159 270 1316 327 ῥοῦχον
1338 286 1521 327 suprema
1553 277 1726 328 vestis,

270 335 417 387 species
444 332 564 371 vestis
590 344 612 369 e
632 330 843 370 Germania
857 336 1085 383 apportata,
1112 328 1220 367 unde
1240 329 1520 376 Germanicum
1550 343 1704 371 nomen*
1724 342 1731 371 i

269 388 457 436 retinuit,
501 384 625 424 Rock.
675 386 779 423 Hinc
818 382 1063 438 ῥουχαρεῖον
1093 383 1323 422 vestiarium
1350 382 1510 436 speciali
1539 385 1702 424 nomine
1726 391 1728 401 '

271 456 294 481 a
315 438 551 492 Cui-opalata
571 438 808 492 appellatur,
837 441 930 492 quia
956 438 1073 477 latius
1092 444 1202 490 patet
1228 451 1375 476 nomen
1396 438 1572 477 vestiarii
1595 438 1730 492 apud*

269 496 505 534 recentiores
540 494 725 534 Graecos.
782 492 1165 543 Protovestiarius,
1204 498 1250 530 ut
1276 504 1438 545 agamus
1463 491 1673 532 dilucidius
1687 503 1714 544 ,¹

271 551 378 602 regio
416 549 575 588 vestitui
621 555 800 602 praeerat
815 577 826 599 ,
869 547 978 600 quod
1018 546 1137 585 hodie
1171 546 1505 586 cubiculariorum
1545 546 1708 587 videtur·

270 617 430 643 munus.
486 602 610 655 Saepe
627 603 745 642 rebus
763 603 921 640 maximi
943 603 1132 641 momenti
1153 600 1459 652 adhibebantur,
1487 608 1528 641 et
1545 612 1608 641 res
1630 615 1704 655 per

273 672 338 698 eos
364 672 444 697 non
459 657 640 710 vulgares
657 657 909 711 gerebantur,
938 663 983 695 ut
1001 658 1042 695 in
1059 657 1266 708 Lecapeno
1294 662 1334 695 et
1351 656 1486 695 Leone
1501 655 1634 696 Basilii
1650 657 1714 700 F.·
1739 658 1741 669 ⁵

271 713 438 751 Credeni
460 711 595 751 videre
620 719 694 752 est.
746 712 797 757 ¹In
818 711 1076 750 Constantino
1114 711 1295 750 Romano
1332 709 1381 750 F.
1408 712 1700 763 protovestiani

270 767 440 820 dignitas
463 768 639 819 proxima
667 780 691 806 a
719 765 934 805 domestico
973 764 1198 805 scholarum
1229 772 1268 804 et
1299 764 1540 816 accubitare,
1571 764 1702 818 biglae

270 821 500 874 drungario,
519 823 697 873 superior
715 821 950 859 ostenditur.
1007 821 1163 870 Inveni,
1193 821 1261 873 qui
1289 819 1494 871 scriberet,
1515 819 1721 860 protove-2
1741 823 1743 826 ’

271 877 449 914 stiarium
481 875 599 914 fuisse
616 876 905 914 thesaurarium
935 889 1004 914 seu
1022 875 1208 913 thesauro
1233 873 1492 926 praefectum,
1520 875 1615 927 quia
1633 874 1703 925 βε-

271 928 455 980 στιιέριον
474 931 667 969 aerarium
682 937 845 971 vocetur
883 942 952 968 seu
982 929 1158 968 thesauri
1175 929 1469 982 repositorium,
1497 930 1701 978 ταμιεῖον.

273 984 393 1033 Quod
429 999 501 1037 ego
544 984 706 1038 quidem
741 985 783 1023 in
818 984 950 1038 aliquo
990 983 1056 1023 vel
1091 984 1251 1022 auctore
1287 981 1353 1022 vel
1386 981 1576 1036 glossario
1607 987 1714 1022 non-⁵

274 1037 369 1077 dum
394 1037 432 1077 le
458 1040 483 1081 i,

378 1054 687 1145 ΔιΞαιοφύλαξ,
716 1091 767 1131 ad
786 1092 971 1143 verbum,
1002 1091 1148 1133 Custos
1182 1091 1316 1143 legum
1342 1098 1383 1131 et
1409 1091 1533 1144 iuris,
1553 1089 1604 1131 de
1621 1105 1703 1146 quo

271 1148 500 1200 magistratu
519 1146 619 1185 nihil
636 1146 755 1185 habet
775 1147 1028 1199 Curopalata.
1447 1161 1460 1168 Χ

386 1195 702 1252 Λογαριάστης,
732 1201 1006 1251 Legat-instes.
1063 1200 1101 1240 A
1133 1199 1371 1254 Curopalata
1409 1199 1594 1252 additur,
1632 1198 1705 1253 τῆς

273 1251 429 1307 αὐλῆς,
459 1255 572 1295 aulae
609 1268 679 1293 seu
719 1255 870 1307 palatii.
929 1257 1115 1295 Rationes
1146 1257 1220 1295 init
1246 1256 1427 1294 omnium
1454 1254 1707 1309 stipendiato-

272 1322 379 1359 rum,
403 1311 472 1361 qui
497 1311 537 1348 in
560 1307 651 1347 aula
680 1317 787 1359 sunt,
803 1311 834 1348 si
860 1310 956 1362 quid
974 1310 1082 1349 deest
1102 1309 1174 1348 ulli
1204 1310 1254 1349 de
1282 1308 1481 1363 stipendio
1505 1311 1614 1360 eius,
1635 1316 1716 1349 aut·

269 1362 320 1401 ad
344 1365 548 1403 servitium
570 1365 668 1414 eius,
697 1365 807 1403 cuius
835 1378 971 1404 caussa
995 1365 1188 1417 stipendia
1214 1365 1322 1403 facit.
1379 1363 1501 1418 Apud
1522 1364 1704 1403 Nicetam

270 1424 310 1455 et
337 1413 588 1470 φροντιστὴς
610 1414 681 1456 καί
698 1417 900 1471 λογιστής.
967 1419 1114 1458 Valere
1130 1426 1273 1472 putant
1300 1418 1406 1458 idem
1420 1448 1432 1469 ,
1461 1418 1571 1472 quod
1590 1432 1706 1472 quae-

270 1478 352 1509 stor
379 1479 448 1510 aut
482 1479 668 1524 receptor
691 1473 884 1525 generalis
898 1503 909 1525 ,
950 1481 1019 1512 aut
1046 1474 1154 1527 quod
1174 1474 1382 1512 Germanis
1401 1479 1460 1512 est
1486 1473 1704 1512 Kammer-

273 1526 456 1565 maisler.
513 1527 612 1565 Inde
631 1526 782 1566 clarum
803 1529 890 1580 quis
908 1526 1299 1581 μεγαλογαριάστης.

373 1577 745 1633 Ἀποκρισιοέριος,
784 1583 1117 1635 Apocrisiarius.
1173 1582 1237 1621 Sic
1267 1580 1535 1621 iurisconsulti
1563 1582 1706 1620 Graeci

269 1646 360 1672 eum
388 1636 619 1685 nominant,
648 1637 716 1687 qui
739 1635 998 1689 legationibus
1018 1636 1224 1675 audiendis
1250 1635 1542 1690 referendisque
1567 1635 1620 1676 ad
1636 1637 1706 1674 im-

267 1695 490 1739 peratorem
518 1697 557 1727 et
581 1692 777 1741 responsis
805 1690 856 1728 ab
883 1704 929 1729 eo
958 1690 1098 1729 dandis
1121 1691 1356 1730 constitutus
1382 1697 1457 1730 est.

376 1740 676 1795 Χαρτοφύλαξ,
708 1743 948 1796 Praefectus
967 1744 1144 1784 Chartis.
1174 1746 1255 1795 Qui
1274 1743 1430 1783 tabulas
1451 1743 1573 1786 habet
1598 1743 1706 1792 char·
1755 1783 1760 1786 ,

269 1800 416 1845 taceas,
447 1797 498 1835 ad
515 1799 602 1836 iura
626 1796 810 1836 ecclesiae
831 1799 1088 1851 pertinentes,
1118 1799 1347 1839 chartarum
1363 1805 1511 1849 custos,
1541 1800 1609 1851 qui
1629 1799 1707 1851 pri-

267 1849 411 1902 vilegia
439 1858 477 1890 et
503 1851 646 1889 similia
681 1860 855 1891 asservat
870 1882 881 1904 ,
909 1852 1128 1905 praefectus
1161 1854 1415 1903 scriniorum,
1454 1853 1570 1892 iudex
1599 1853 1706 1891 idem

267 1917 477 1944 causarum
497 1905 847 1945 ecclesiasticarum
883 1914 921 1946 et
954 1909 1230 1960 quaestionum
1255 1907 1621 1957 matrimonialium,
1642 1907 1707 1946 de-

267 1957 401 1996 fensor
436 1961 477 1998 in
511 1959 744 1998 clericorum
771 1963 917 2000 caussis
933 1990 944 2010 ,
983 1961 1107 2001 veluti
1135 1976 1276 2002 manus
1310 1963 1454 2002 summi
1491 1961 1707 2001 sacerdotis

266 2011 415 2051 dextra.
482 2013 586 2053 Hinc
601 2013 732 2065 μέγας
747 2012 1036 2069 χαρτοφύλαξ.

375 2065 625 2117 Δομέστικος
664 2067 737 2120 τῆς
772 2069 977 2123 τραπέζης
992 2099 1004 2123 ,
1060 2069 1267 2125 Dapifier,
1306 2077 1375 2110 aut
1400 2069 1528 2112 simile
1554 2069 1708 2110 habens

264 2118 453 2171 officium,
482 2129 526 2160 ut
545 2123 737 2175 suspicor.

376 2175 686 2229 Δρουγγάριος,
728 2177 1002 2229 Drangarz'us,
1059 2175 1385 2232 Apovyyoigfseu
1416 2173 1611 2232 δρονγγὸς
1631 2179 1707 2218 ori-

270 2228 397 2268 entale
425 2243 586 2280 nomen,
615 2237 771 2269 coetum
799 2231 1006 2271 hominum
1025 2247 1106 2272 una
1135 2236 1442 2273 commeantium
1465 2233 1703 2286 significans,

269 2290 309 2321 et
329 2290 462 2324 coetus
497 2284 603 2324 illius
638 2287 820 2337 princeps
857 2294 1021 2325 vocatur
1050 2288 1213 2341 Dargon
1242 2287 1307 2328 vel
1345 2289 1528 2341 Dorgon,
1550 2301 1595 2326 ex
1622 2300 1704 2340 quo

266 2336 531 2391 Drungarius,
569 2341 671 2378 faeta
704 2340 904 2392 epenthesi
941 2341 1017 2379 τοῦ
1043 2355 1066 2379 ν
1093 2356 1168 2395 pro
1195 2355 1221 2394 y
1247 2345 1462 2395 gemmato-
1529 2342 1705 2391 Quidam

266 2400 409 2433 vocant
425 2394 631 2433 tribunum
650 2394 838 2433 militum.
894 2396 1084 2448 Drungus
1111 2396 1274 2449 globum
1299 2397 1507 2450 significat,
1536 2397 1592 2434 ait
1604 2397 1703 2434 Tur-

267 2446 392 2486 nebus
425 2446 528 2487 libro
554 2450 744 2501 vigesimo
767 2456 909 2501 quarto
939 2452 1067 2502 capite
1086 2452 1277 2503 vigesimo
1307 2453 1459 2503 quinto.
1504 2450 1702 2502 Vopiscus

265 2501 306 2537 in
340 2501 473 2543 Probo
492 2517 502 2541 :
544 2503 826 2555 Triumphavit
850 2503 900 2541 de
925 2505 1130 2545 Germanis
1151 2511 1190 2543 et
1209 2505 1384 2555 Blemiis,
1414 2506 1592 2543 omnium
1614 2518 1703 2557 gen-

264 2556 366 2593 tium
395 2555 592 2609 drungos,
621 2571 746 2609 usque
767 2557 817 2596 ad
837 2560 1113 2611 quingenarios
1144 2559 1324 2597 homines
1344 2566 1436 2598 ante
1453 2558 1702 2611 triumphum

265 2608 389 2648 duxit.
446 2611 633 2664 Vegetius
667 2611 769 2650 libro
798 2614 917 2650 tertio
947 2615 1074 2664 capite
1094 2613 1247 2651 decimo
1267 2620 1389 2652 sexto:
1457 2614 1566 2652 Scire
1584 2613 1702 2651 debet

264 2663 340 2701 dux
367 2664 557 2717 hostium,
587 2674 723 2706 contra
765 2680 864 2721 quos
889 2667 1061 2720 drungos
1091 2667 1206 2719 (male
1224 2668 1412 2720 scriptum
1441 2667 1602 2721 drunos)
1622 2667 1698 2706 hoc
