1832 3138
340 99 422 174 94
883 111 1256 160 CANTAcqum

151 217 343 259 .A.C.1321
354 217 658 274 προσκειμένων
695 212 906 271 διαφορὰν
927 212 1038 270 ἔχων
1070 216 1190 260 ι’δίων
1209 218 1329 260 ἕνεκα
1354 214 1818 277 ἐγκΜμάτων,ἣῆμύ-Ᾰ”

147 283 149 285 ’
230 295 265 331 Ρ.
290 293 336 333 61
348 296 469 335 νατο,
501 282 576 323 τοῦ
600 281 752 336 καιροῦ
790 283 1136 336 συμμαχοῦντος,
1187 284 1248 332 εἷς
1280 280 1472 338 ἁρπαγήν
1490 284 1671 341 ,καρπῶν
1708 284 1784 328 καί

340 346 449 401 βοῶν
479 347 553 388 καί
577 343 796 403 προβάτων
824 345 1143 403 περιστήσαντες
1169 345 1246 403 τήν
1285 347 1448 403 ζημίαν.
1475 346 1502 389 o‘
1523 349 1571 393 δὲ
1599 351 1783 406 πρεσβύ-

338 425 454 466 τερος
486 407 686 464 βασιλευς
708 443 721 464 ,
763 407 820 460 ὥς
855 410 1053 462 ἐναντίως
1082 408 1109 468 ἢ
1139 410 1267 462 αὐτὸς
1311 410 1547 468 προσεδόκα
1582 411 1638 457 τὰ
1673 413 1783 471 προί-

339 491 478 530 γματα
496 472 661 532 ἐχώρει,
692 474 935 531 συναγαγών
955 475 1053 527 τούς
1081 478 1126 520 ἐν
1150 479 1201 534 τῇ
1227 478 1548 533 Κωνσταντινου
1575 477 1670 538 τότε
1687 480 1819 535 δια-5η,

336 538 556 596 τρίβοντας
589 536 835 597 ἇρχιερέας,
876 541 923 598 (o‘
954 542 1218 599 πατριάρχης
1242 540 1322 599 γὰρ
1355 545 1397 585 Γ
1394 542 1593 599 εράσιμος
1618 543 1782 601 ἔφθασε
1831 543 1832 570 Ῑ

336 602 588 659 τελευτήσας
617 607 664 647 ἐν
692 599 720 662 ᾗ
752 607 873 648 νυκτί
901 605 975 648 καί
1000 605 1023 647 ὅ
1057 610 1148 657 νέος
1181 605 1377 661 βασιλεὺς
1406 608 1554 663 ἐξῆλθε
1581 609 1672 664 τοῦ,
1686 613 1782 654 ,Βυ-

334 669 542 727 ζαντίου,)
575 669 648 711 καὶ
673 671 909 724 διαλεχθείς
935 668 1079 722 αὖτοῖς
1104 669 1132 714 ἃ
1153 672 1286 714 ἐδόκει
1309 671 1451 715 δίκαια
1481 663 1628 728 εἶναι,,
1643 675 1782 716 πείθει

334 733 553 790 χωρισμὸν
578 731 659 776 ἆπό
681 737 786 777 θεοῦ
807 737 1046 792 ἐκφωνῆσαι
1067 738 1173 779 κατὰ
1202 735 1357 787 παντὸς
1383 735 1609 795 ἀνθρώπου
1633 739 1712 782 τοῦ
1734 755 1781 782 τε

335 801 414 842 νῦν
435 801 490 857 τῷ
523 800 673 857 ἐγγόνῳ
703 800 896 851 συνόντος
934 803 1011 844 τοῦ
1035 806 1073 844 τ’
1115 803 1328 856 ἐσομένου.
1366 802 1425 853 (ὅς
1456 804 1504 846 δὲ
1529 805 1639 860 μηδὲ
1664 806 1832 848 τοῦτίο

335 865 523 918 ἐπισχεῖν
542 862 734 921 ἠδυνήθη
763 862 839 916 τὰς
868 869 951 909 τῶν
975 863 1272 924 ἀφισταμένων
1295 865 1453 924 ὅρμοὶς,
1483 868 1624 920 δείσας
1643 866 1780 926 ὗπρε-

300 928 538 986 Βσβότερος
552 929 761 984 βασιλεὺς,
781 930 839 988 μὴ
864 931 939 974 καὶ
958 934 1017 982 εἰς
1028 934 1157 990 πέρας
1172 930 1376 990 ἀφίκηται
1399 931 1452 975 τοὶ
1466 934 1690 990 πράγματα
1705 951 1780 977 κα-

339 994 438 1048 κὸν,
476 992 609 1045 οὕτως
648 996 844 1045 ἐναντίως
877 992 905 1053 ἢ
942 996 1069 1048 αὐτὸς
1101 998 1380 1053 προσεδόκησε
1413 1000 1665 1056 χωροῦντα,
1701 998 1778 1042 τὸν

338 1061 649 1116 Φιλαδελφείας
671 1061 905 1117 Θεόληπτον
933 1065 1005 1104 καί
1026 1061 1097 1106 τὸν
1120 1065 1195 1105 τοῦ
1224 1064 1417 1114 κοιτῶνος
1441 1063 1776 1121 προκαθήμενον,

338 1127 694 1180 Καλλικρηνίτην,
719 1126 912 1182 πρέσβεις
949 1126 1055 1184 πρὸς
1079 1126 1148 1170 τὸν
1182 1127 1346 1183 ἔγγονον
1377 1126 1650 1183 ἀποστείλας,
1676 1129 1832 1187 πρὸςι5

335 1190 562 1244 ξυμβάσεις
587 1190 760 1247 ἐχώρει,
789 1193 1143 1247 ἐπαγγειλάμενος,
1168 1193 1224 1244 ὥς
1250 1190 1348 1250 ὅπερ
1377 1190 1430 1236 ἂν
1452 1193 1475 1235 ὅ
1495 1191 1657 1249 ἔγγονος
1683 1195 1780 1239 ἐθέ-

335 1259 404 1297 λοι
439 1256 657 1311 γράμμασι
702 1258 920 1312 δηλώσας,
963 1255 1088 1308 αὐτὸς
1122 1255 1175 1301 ἂν
1206 1260 1265 1309 εἷς
1287 1261 1418 1316 πέρας
1453 1255 1614 1314 ἇγοίγοι.
1636 1259 1675 1303 οἱ
1699 1261 1779 1314 μὲν

336 1316 413 1362 οὖν
437 1322 631 1377 πρέσβεις
658 1322 717 1371 εἷς
747 1319 978 1377 Ἀδριανοῦ
1003 1321 1125 1366 πόλιν
1147 1322 1350 1378 ἐλθόντες,
1379 1325 1471 1366 ἐπεὶ
1495 1323 1570 1366 καί
1579 1323 1780 1379 βασιλευς

334 1385 358 1428 ὃ
383 1387 473 1435 νέος
505 1384 628 1440 ἔτυχε
665 1385 745 1443 πρὸ
789 1389 864 1438 τῆς
898 1387 1053 1438 πόλεως
1084 1386 1428 1443 ἐπισκεπτόμενος
1457 1387 1534 1445 τήν
1566 1384 1777 1446 στρατιὰν,

333 1451 568 1508 προσῄεσαν
601 1452 658 1501 ὥς
686 1453 1037 1509 προσκυνήσοντες
1075 1471 1144 1496 και
1188 1472 1242 1501 τα
1280 1456 1353 1510 τῆς
1387 1452 1612 1511 πρεσβείας
1639 1451 1831 1510 duay-20

332 1518 557 1573 γελοῦντες.
585 1515 632 1559 τὸ
657 1518 703 1560 δὲ
727 1520 883 1573 πλῆθος
903 1519 1169 1575 περιστάντες
1190 1518 1344 1569 αὐτοὺς
1361 1525 1534 1575 γυμνοῖς
1555 1523 1643 1569 τοῖς
1660 1519 1778 1577 ξίφε-
1821 1512 1824 1517 “

294 1598 421 1635 cmv,
447 1579 510 1636 ὥς
531 1580 738 1624 ἐπύθοντο
762 1582 869 1639 ὑπὲρ
891 1581 1055 1639 εἰρήνης
1081 1581 1347 1640 ἀφιγμένους,
1377 1585 1563 1627 ἐκέλευον
1588 1583 1778 1640 ἀλλήλοις

333 1644 639 1689 ἀποκτιννύναι.
670 1646 695 1688 ὅ
720 1649 800 1700 μὲν
826 1643 903 1690 οὖν
934 1650 1268 1704 Καλλικρηνίτης
1298 1649 1356 1706 τῷ
1376 1650 1460 1691 δέει
1485 1651 1777 1700 κατασεισθείς

333 1710 409 1767 τήν
438 1712 584 1767 ψυχήν
593 1745 608 1766 ,
647 1714 724 1754 τοῦ
746 1714 876 1755 ἵππου
911 1729 957 1755 τε
981 1709 1246 1769 ἀπεπήδησε,
1274 1714 1347 1754 καὶ
1374 1710 1637 1770 ἀμφοτέραις
1657 1729 1776 1771 περι-

334 1864 366 1897 si
390 1863 471 1909 quis
505 1873 585 1896 cum
610 1861 782 1908 quopiam
810 1860 947 1894 seniori
980 1859 1203 1895 studentium
1235 1861 1393 1906 privatas
1414 1865 1604 1897 exerceret
1626 1865 1774 1897 contro-

333 1910 487 1949 versias,
531 1919 641 1953 seque
673 1908 755 1941 data
789 1907 1060 1952 opportunitate
1096 1908 1351 1949 ulcisceretur,
1393 1907 1554 1952 fructus,
1589 1907 1700 1942 boves
1735 1914 1773 1943 et

334 1966 417 1989 oves
453 1965 517 1999 pro
552 1965 671 1999 poena
698 1954 900 1987 adversario
938 1954 1134 1987 auferebat.
1180 1954 1312 1987 Senior
1339 1959 1530 2000 postquam
1560 1965 1636 1988 rem
1669 1966 1771 1989 secus

333 2002 389 2035 ire
412 2001 507 2034 vidit
530 2007 638 2046 atque
659 2005 871 2045 speraverat,
897 2000 1027 2033 coactis
1052 2000 1116 2046 qui
1138 2010 1203 2044 per
1229 1999 1268 2032 id
1290 2005 1430 2045 tempus
1456 2001 1772 2045 Constantinopoli

333 2047 541 2080 visebantur
573 2047 769 2091 episcopis,
801 2045 1022 2090 (patriarcha
1047 2047 1144 2079 enim
1176 2045 1379 2080 Gerasimus
1409 2048 1518 2080 morti
1548 2054 1772 2082 concesserat

335 2105 378 2128 ea
411 2094 490 2138 ipsa
519 2099 650 2134 nocte,
689 2104 760 2137 qua
789 2103 901 2136 nepos
933 2092 1059 2126 urbem
1093 2090 1319 2135 deseruerat)
1349 2094 1644 2139 expromptisque
1673 2094 1771 2139 apud

336 2151 420 2180 eos,
453 2150 543 2184 quae
575 2139 652 2172 iure
689 2138 931 2182 expromenda
961 2137 1137 2179 ducebat,
1173 2138 1380 2181 persuadet,
1405 2144 1447 2172 ut
1471 2139 1659 2173 anathema
1681 2151 1769 2175 con—

335 2191 531 2231 torqueant
555 2185 594 2218 in
617 2196 762 2226 omnes,
799 2185 934 2230 quique
958 2196 1054 2218 nunc
1079 2196 1099 2217 a
1124 2190 1257 2227 nepote
1280 2186 1373 2226 sint,
1398 2186 1535 2232 quique
1558 2191 1683 2231 postea
1703 2187 1768 2222 fu-

333 2234 408 2265 turi
431 2233 513 2265 sint.
563 2231 634 2264 Sed
657 2243 736 2264 cum
761 2242 807 2264 ne
832 2231 883 2264 sic
907 2231 1055 2276 quidem
1077 2230 1324 2264 deficientium
1347 2232 1504 2276 impetus
1527 2236 1766 2275 coerceretur,

332 2280 489 2319 timens,
520 2289 590 2319 ne,
625 2277 796 2323 quoniam
822 2288 877 2310 res
901 2282 975 2310 tam
1005 2282 1130 2311 contra
1155 2282 1398 2322 exspectatum
1427 2278 1676 2322 procederent,
1701 2290 1764 2312 ex-

335 2331 448 2359 trema
483 2324 661 2367 pernicies
696 2329 925 2368 sequeretur,
970 2323 1243 2366 Philadelphiae
1278 2324 1487 2368 episcopum
1523 2324 1766 2370 Theoleptum

335 2377 374 2405 et
385 2371 652 2411 Callicreniten,
671 2371 760 2402 sacri
773 2369 931 2403 cubiculi
947 2369 1227 2414 procubitorem‚
1251 2369 1384 2414 legatos
1398 2370 1444 2404 ad
1462 2376 1631 2415 nepotem
1640 2371 1764 2412 mittit,

334 2417 620 2463 pacificationem
645 2417 767 2456 offert,
799 2415 1048 2461 facturumque
1084 2427 1140 2457 se,
1166 2415 1264 2461 quod
1295 2416 1327 2448 is
1350 2417 1481 2450 litteris
1508 2418 1649 2462 scriptis
1681 2428 1702 2450 a
1726 2429 1764 2451 se

335 2468 493 2508 optaret,
538 2463 738 2507 pollicetur.
798 2463 910 2506 Igitur
943 2463 1055 2506 legati
1085 2461 1346 2506 Adrianopolin
1378 2462 1550 2496 veniunt:
1585 2464 1764 2497 iuniorem

336 2511 586 2554 imperatorem
610 2513 692 2541 ante
725 2507 852 2541 urbem
876 2509 996 2553 copias
1023 2514 1268 2542 recensentem
1292 2509 1494 2542 offendunt:
1531 2519 1612 2542 eum
1635 2509 1764 2544 adora-

335 2556 411 2589 turi
451 2561 488 2589 et
511 2555 727 2600 legationem
761 2555 960 2598 exposituri
986 2554 1130 2588 adeunt.
1179 2554 1272 2588 Tum
1295 2555 1430 2588 milites
1452 2565 1577 2600 magna
1600 2566 1662 2590 eos
1689 2556 1763 2590 fre-

336 2602 486 2648 quentia
514 2601 685 2635 districtis
710 2600 855 2633 ensibus
880 2600 1194 2641 circumfundunt‚
1228 2605 1337 2645 atque
1366 2605 1409 2634 ut
1437 2599 1483 2634 de
1518 2612 1606 2646 pace
1630 2602 1764 2636 adven·-

335 2653 430 2681 tasse
461 2647 637 2688 audiunt,
667 2646 713 2680 ad
743 2646 826 2680 illos
860 2646 1160 2681 contrucidandos
1191 2646 1287 2681 inter
1320 2657 1358 2680 se
1387 2646 1588 2683 hortantur.
1636 2649 1762 2693 Itaque

338 2694 586 2730 Callicrenites
610 2704 654 2729 ex
678 2703 772 2739 equo
799 2691 970 2729 desiliens
992 2693 1168 2729 tremulus
1182 2717 1193 2736 ,
1217 2697 1255 2727 et
1277 2692 1504 2740 imperatoria
1527 2705 1645 2741 genua
1663 2705 1762 2729 com-
