1820 3164
594 126 971 170 ms‘roamum
1008 128 1061 171 11.
1091 131 1159 177 ³9,
1464 107 1574 178 5⁴45

138 225 491 290 Bpmwdm.
544 230 679 270 ταῦτα
707 229 755 270 δὲ
782 229 834 270 οὕ
864 227 1000 284 λόγοις
1023 226 1152 283 μόνον
1173 227 1412 287 διεθρύλλει
1430 232 1668 281 κοινῶς-ΑΕ.
1685 235 1767 281 ι34ι

136 294 245 340 moi
263 291 544 352 τῆςῆσνχιῆις,
580 291 638 342 ὥς
654 294 788 336 αἰτίου
820 296 897 351 τῆς
927 296 1084 351 πλάνης
1105 297 1343 350 γινομένης,
1375 291 1482 339 οἷλλά
1506 300 1581 341 καί

137 355 444 419 συνεγρᾶφετο,
477 360 548 402 ἵνα
579 360 623 408 ἒς
647 357 716 400 ἀεὶ
738 358 1050 417 α’νάγραπτοςῆ
1083 357 1207 418 ὕβρις
1238 359 1316 416 εἴη.
1369 364 1507 405 ταῦτα
1531 364 1580 406 δὲ

138 420 367 484 hederate
394 426 440 468 ἕν
471 425 753 481 Θεσσαλονίκῃ
780 426 824 467 ἐν
856 420 917 476 οἷς
942 431 1104 483 καιροῖς
1136 425 1208 470 καὶ
1233 426 1256 469 ὅ
1285 426 1484 481 βασιλευς
1510 428 1583 472 ἐπὶ

111 491 425 549 ξἈκαρνανίαν
450 485 670 545 ἐπεδήμει.
725 491 770 533 ἐν
789 488 923 550 ταύτῃ
950 493 996 535 δὲ
1027 489 1150 538 ἄλλοι
1181 508 1228 535 τε
1251 496 1448 550 παρῆσαν
1473 495 1580 550 ἥσυ-

136 556 350 614 χόζοντες
366 558 537 610 πολλοὶ,
577 555 622 598 οἳ
651 554 767 598 δεινοὶ
799 557 1013 600 ἐποιοῦντο
1044 556 1097 601 τὰ
1123 558 1339 616 Βαρλαάμ
1372 561 1581 617 διαθρυλ-

136 621 348 678 λσύμενα,
373 623 448 665 καὶ
471 619 656 676 μάλιστα
675 622 718 663 Γ
713 621 904 678 ρηγόριος
932 620 953 665 ὅ
977 625 1208 678 Παλαμᾶς,
1237 622 1284 675 ὃς
1311 627 1383 668 καί
1389 623 1581 684 ,ὕστερον

136 689 200 740 εἰς
218 687 444 745 ἀρχιερέας
462 687 621 730 ἐτέλεσε
641 687 966 744 Θεσσαλονίκης·
1022 686 1070 740 ὃς
1096 691 1141 741 ἐξ
1169 689 1328 742 Ἀσίας
1355 686 1413 735 α’)’ν
1446 690 1494 735 τὸ
1512 695 1611 748 γε’-ο

135 760 220 803 νος
237 755 312 805 *αι’
338 751 568 808 βασιλείοις
592 752 742 804 αὐλαῖς
767 754 1123 810 ἐντεθραμμένος,
1145 751 1240 810 ’ἅμα
1273 757 1396 800 δυσίν
1424 753 1581 815 ἑτέροις

90 814 342 876 Ιοιῖδελφοῖς
372 817 445 863 ἐπὶ
467 818 580 861 πάνυ
612 819 787 876 παιδικῇ
818 821 870 876 τῇ
896 819 1035 879 ἡλικίᾳ
1064 821 1212 878 κτῆσιν
1239 821 1313 864 καὶ
1342 822 1485 877 γονέας
1508 825 1584 866 καί

137 883 216 942 τὴν
234 879 374 942 ,ἄλλην
402 882 679 942 περιφάνειαν
709 884 785 928 τοῦ
821 885 916 939 βίου
948 888 1022 929 καί
1044 884 1120 937 τὰς
1142 888 1190 930 ἐκ
1214 890 1419 942 βασιλέως
1455 887 1583 942 τιμάς

136 946 364 1008 οὖς’ὄλίγου
388 945 418 1008 ἢ
441 948 621 1002 ,ου’δενός
656 949 891 1000 ἐκλιπόντες
917 946 1036 1007 ἄξια,
1085 955 1261 1012 Χριστῷ
1286 953 1440 996 εἵλοντο
1466 952 1581 1013 μόνῳ

137 1016 387 1065 ἀκολουθεῖν
411 1017 486 1070 καί
508 1014 585 1073 τὴν
610 1016 770 1059 ἐκεῖθεν
807 1016 1076 1074 λαμπρότητα
1104 1019 1333 1075 ἐπιζητεῖν·
1388 1020 1462 1062 καί
1487 1023 1584 1064 Να-

137 1083 295 1140 ζιραῖοι
319 1084 379 1142 τῷ
402 1084 491 1141 θεῷ
514 1083 788 1139 γεγενημένοι,
815 1081 891 1139 τὴν
917 1084 1124 1138 πτωχείαν
1149 1087 1308 1139 μᾶλλον
1330 1086 1485 1128 εἵλοντο
1508 1083 1584 1142 τὴν

88 1148 198 1194 ιόδι’
216 1146 346 1192 αὐτὸν
363 1149 439 1192 καί
453 1146 532 1205 την
551 1149 751 1204 οἷκτησίαν
768 1149 841 1191 καί
855 1147 928 1205 τήν
947 1150 1158 1193 δουλείαν.
1185 1151 1259 1193 καί
1271 1144 1507 1209 πρὸς”Αθ·ῳ
1527 1153 1586 1211 τῷ

137 1212 238 1273 ἱερῷ
264 1210 481 1271 γενόμενοι
508 1208 621 1271 ὄρει,
649 1208 750 1270 ὅπερ
780 1212 858 1255 οὐκ
887 1209 939 1256 εἴν
966 1231 1030 1264 τις
1056 1212 1239 1272 ἁμάρτοι
1266 1215 1388 1258 πόλιν
1416 1233 1586 1273 προσει-

134 1278 227 1324 πών
253 1275 466 1337 οὗράνιον,
493 1277 772 1324 ἕκδεδοόκασιν
796 1277 973 1331 ἑαυτοὺς
1001 1277 1190 1338 ὖποταγῇ
1217 1278 1377 1338 πατρὸς
1394 1296 1581 1335 πνευμα-
1594 1298 1627 1332 1)

135 1346 269 1389 τικοῦὶ
307 1339 367 1388 οὗ
391 1343 444 1402 δὴ
472 1342 548 1389 τὸν
570 1343 851 1400 πνευματικὸν
878 1341 1192 1400 ἀγωνιζομένων
1220 1345 1392 1389 δίαυλον
1414 1345 1488 1389 καὶ
1509 1350 1585 1389 θε-

137 1409 270 1457 όντων
293 1408 370 1456 τὸν
395 1410 494 1468 περὶ
517 1412 686 1467 ψυχῆς,
734 1409 757 1454 ὅ
797 1415 1036 1461 τελευταῖος
1073 1413 1235 1462 ἐξέλιπε
1269 1414 1353 1455 τῶν
1391 1408 1586 1469 ἀδελφῶν

10 1522 33 1534 ,
83 1479 305 1536 Άοπρῶτος
327 1476 529 1535 χωρήσας
555 1477 660 1535 πρὸς
686 1476 740 1521 τά
767 1481 946 1534 βραβεῖα
974 1480 1050 1535 τῆς
1071 1473 1158 1521 ἄνω
1182 1476 1377 1534 κλήσεως,
1405 1477 1478 1521 καὶ
1493 1482 1586 1533 μετ’

137 1543 294 1587 &aanor
319 1542 343 1587 ὅ
370 1543 622 1595 διδάσκαλος
647 1543 771 1603 ὀλίγῳ
799 1540 975 1600 ὕστερον
1002 1540 1283 1599 ἀπηλλάττετο
1311 1545 1396 1586 τῶν
1423 1545 1587 1598 δεσμῶν

137 1610 217 1653 τοῦ
240 1608 425 1665 γεώδους
463 1608 614 1653 τούτου
646 1612 719 1652 καί
743 1611 941 1652 ταπεινοῦ
969 1609 1144 1666 σαρκίου
1182 1611 1255 1652 καί
1282 1607 1387 1665 πρὸς
1411 1606 1459 1651 ὃν
1485 1610 1587 1651 ἑπό-

136 1677 248 1733 θησε
279 1675 526 1730 μετέβαινεν
570 1675 615 1726 ἒξ
654 1675 818 1732 ἀρχῆς.
873 1676 915 1717 Γ
911 1676 1088 1732 ρηγορίῳ
1123 1675 1169 1716 δὲ
1205 1675 1280 1716 καί
1311 1674 1504 1733 τάδελφῷ
1539 1676 1587 1717 ἐκ

138 1738 298 1799 πατρὸς
323 1742 666 1799 καταλειφθεῖσιν
703 1737 903 1798 ὀρφανοῖς
934 1741 1011 1783 οὐκ
1040 1738 1176 1784 ἐδόκει
1206 1741 1295 1784 δεῖν
1321 1737 1386 1783 ἔτι
1414 1739 1586 1783 πιστεύ-

139 1877 311 1913 nortales
346 1879 498 1924 propter
531 1887 610 1911 eam
643 1886 752 1924 quam
774 1887 860 1923 prae
884 1887 923 1911 se
947 1876 1085 1911 ferrent
1115 1875 1292 1922 pietatem
1333 1876 1471 1910 animas
1506 1885 1588 1909 suas

139 1923 391 1960 credidissent.
437 1925 556 1970 Atque
582 1922 672 1957 haec
695 1935 770 1958 non
796 1924 916 1958 verbis
939 1929 1083 1957 tantum
1117 1923 1266 1968 publice
1295 1928 1420 1956 contra
1454 1927 1590 1957 statum

139 1971 343 2007 solitarium
379 1974 421 2005 ut
454 1981 596 2005 causam
619 1971 750 2005 erroris
787 1970 1065 2012 disseminabat3
1095 1969 1160 2004 sed
1195 1971 1236 2003 in
1266 1969 1407 2003 litteras
1441 1980 1589 2016 quoque

139 2017 348 2064 redigebat,
369 2022 412 2051 nt
432 2022 597 2052 extarent
621 2028 762 2063 semper
783 2019 861 2051 eius
885 2017 1140 2054 contumeliae.
1185 2016 1284 2050 Haec
1307 2015 1590 2051 Thessalonicae

140 2070 224 2100 acta
246 2069 348 2106 sunt,
372 2075 446 2111 quo
471 2069 635 2110 tempore
655 2065 850 2109 imperator
881 2066 920 2098 in
940 2064 1180 2098 Acarnaniam
1205 2063 1357 2097 abierat.
1414 2063 1473 2096 Ibi
1505 2074 1590 2097 oum

139 2111 248 2147 multi
272 2111 426 2147 solitarii
447 2116 688 2152 versarentur,
720 2111 783 2156 qui
806 2112 958 2145 iactatos
979 2110 1196 2144 aBarlaamo
1221 2120 1403 2144 sermones
1421 2109 1591 2144 ferebant

140 2158 312 2206 graviter,
335 2163 414 2194 tum
437 2159 650 2203 praesertim
672 2158 866 2203 Gregorius
886 2157 1045 2191 Palamas
1060 2181 1071 2198 ‚
1108 2157 1172 2203 qui
1196 2162 1323 2202 postea
1345 2155 1592 2202 archiepisco-

139 2214 210 2251 pus
236 2204 572 2240 Thessalonicensis
609 2205 838 2239 renuntiatus
871 2210 945 2246 est,
984 2214 1115 2250 genere
1151 2203 1330 2237 Asiaticus
1362 2208 1401 2238 et
1435 2203 1476 2236 in
1506 2203 1591 2237 aula

140 2251 378 2298 imperatoria
408 2251 592 2286 educatus.
641 2252 710 2286 Hic
730 2256 767 2284 et
791 2250 863 2285 duo
884 2251 1013 2284 fratres
1037 2251 1115 2285 eius
1137 2253 1256 2285 aetate
1279 2248 1473 2284 admodum
1496 2261 1591 2295 pue-

141 2299 204 2334 rili
226 2299 472 2344 possessiones
486 2323 495 2339 ,
519 2303 688 2343 parentes
715 2303 753 2332 et
776 2296 865 2343 quid
895 2297 958 2331 uid
981 2302 1037 2332 est
1059 2298 1100 2331 in
1122 2295 1312 2331 hominum
1335 2298 1411 2332 vita
1443 2298 1590 2341 conspi-

141 2354 251 2380 cuum
274 2350 313 2380 et
337 2344 581 2387 admirabile,
616 2349 654 2378 et
675 2344 830 2378 honores
854 2356 874 2378 a
925 2344 1140 2389 imperatore
1173 2343 1370 2389 promissos
1411 2347 1454 2377 ut
1489 2344 1590 2388 parvi

144 2396 209 2426 aut
229 2391 367 2425 nullius
390 2392 563 2426 momenti
591 2390 840 2438 reliquerant,
869 2390 1125 2437 Christumque
1155 2390 1274 2424 solum
1301 2390 1405 2437 sequi
1435 2393 1473 2423 et
1495 2401 1589 2435 quae

143 2438 186 2473 in
213 2438 324 2473 caelis
350 2444 406 2472 est
436 2439 636 2472 claritatem
669 2444 838 2483 expetere
871 2438 1123 2472 instituerant:
1161 2449 1203 2471 ac
1236 2436 1407 2471 Nazaraei
1443 2435 1588 2470 Christo

144 2485 259 2528 facti,
283 2490 533 2530 paupertatem
559 2486 670 2531 magis
695 2485 1036 2531 possessionumque
1066 2485 1228 2530 inopiam
1261 2489 1299 2518 et
1319 2483 1589 2517 subiectionem

144 2532 248 2566 illius
272 2542 378 2566 causa
398 2532 590 2578 elegerant.
638 2532 757 2577 Atque
787 2531 884 2576 apud
907 2530 1000 2566 Atho
1033 2537 1196 2566 sanctum
1219 2536 1379 2565 montem
1399 2529 1586 2575 degentes,

146 2589 257 2625 quem
276 2580 342 2625 qui
367 2579 558 2613 caelestem
580 2580 762 2613 civitatem
789 2579 993 2623 appellarit,
1017 2589 1092 2612 non
1116 2579 1298 2619 erraverit,
1316 2577 1428 2621 patris
1449 2575 1591 2610 ibidem

144 2625 344 2670 spiritualis
381 2625 534 2660 arbitrio
562 2638 625 2660 seu
658 2625 890 2659 obedientiae
927 2636 966 2659 se
999 2630 1260 2660 consecrarant.
1309 2623 1380 2657 Ubi
1416 2623 1591 2657 nimirum

145 2671 188 2705 in
206 2671 386 2716 spirituali
403 2673 498 2707 circo
520 2673 595 2707 illis
618 2671 841 2707 certantibus
870 2676 907 2706 et
938 2682 1079 2708 cursum
1105 2683 1171 2717 pro
1197 2672 1336 2704 animae
1367 2671 1483 2705 salute
1506 2681 1589 2703 cur-

144 2717 332 2760 rentibus,
355 2719 524 2754 minimus
547 2724 636 2756 natu
657 2719 793 2767 primus
814 2718 992 2763 decessit,
1026 2717 1075 2754 ad
1095 2718 1259 2754 bravium
1282 2728 1460 2764 supernae
1481 2726 1591 2754 voca-

243 2787 534 2826 camacuzenus.
1275 2786 1318 2822 35
