1852 3146
334 90 440 165 194
806 111 808 113 >
869 102 1244 149 CANTAcqum

132 206 465 265 A.c.1324Atss‹3c;
497 203 668 259 ἔθαψαν
692 205 799 262 μονῇ
824 207 1149 262 μεγαλοπρεπῶς
1175 208 1250 250 καί
1273 206 1523 262 βασιλικῶς.
1570 205 1772 262 flaminii,-

325 275 371 314 δὲ
399 271 423 313 ὅ
450 268 605 324 ταύτης
639 266 747 326 ἀνὴρ
786 270 862 326 τὴν
897 272 942 319 ἐς
967 271 1204 322 Βυζάντιον
1237 273 1451 325 βαδίζων,
1494 269 1676 327 ἐνόσησε
1697 269 1774 315 καὶ

324 333 452 385 αὖτός
478 332 583 376 κατὰ
613 332 690 384 τοὶς
711 330 845 386 αὗτὰς
866 335 1041 391 ἡμέρας,
1069 335 1287 389 γενόμενος
1307 338 1352 379 ἐν
1372 334 1524 394 Βιζύῃ,
1545 334 1621 379 καὶ
1637 351 1771 393 προσ-

323 401 484 454 έμεινεν
521 400 683 456 ἡμέρας
715 398 831 450 τινὰς
865 401 957 442 ἐκεῖ
990 399 1060 442 διὰ
1088 400 1164 456 τὴν
1190 399 1447 450 νόσονηέπεί
1472 403 1519 444 δὲ
1556 401 1768 458 ἐρ’ῥοὶἵσεν,
1851 448 1852 453 ,

322 464 455 518 εἴχετο
483 467 554 520 τῆς
582 464 698 517 ὁδοῦ,
727 464 800 508 καὶ
823 464 999 520 γεγονώς
1026 465 1131 507 κατὰ
1159 463 1235 522 τὴν
1257 464 1517 520 “Ηράκλειαν
1543 468 1620 522 τῆς
1648 464 1795 524 &QZ-5
1851 468 1852 481 ³

322 547 406 585 κης,
434 528 603 583 συμβὰν
632 528 766 584 οὕτω,
800 529 878 587 τὴν
903 533 979 586 τῆς
1005 531 1222 585 βασιλίδος
1249 530 1424 574 ἐπύθετο
1451 529 1669 588 τελευτήν,
1697 531 1772 573 καί

320 597 550 652 ἐπένθησεν
577 597 668 637 ἐκεῖ
688 595 760 638 ἐπὶ
786 598 1078 639 πεντεκαίδεκα
1106 597 1297 653 ἡμέραις.
1326 592 1594 652 ἔπειταῆκεν
1616 597 1676 648 εἷς
1690 594 1769 652 τὴν

325 660 646 703 Κωνσταντίνου
658 695 671 714 ,
710 660 784 703 καί
809 663 1026 717 συνδιῆγεν
1053 661 1204 704 αὐτόθι
1230 662 1289 719 τῷ
1315 664 1582 721 πρεσβυτέρῳ
1603 665 1777 717 βασιλεῖ

285 719 429 782 Οἶῖχρι
457 728 700 781 Νοεμβρίου
728 728 800 782 τῆς
829 725 975 782 ὀγδόης
1002 729 1281 777 ι’νδικτιῶνος.
1320 728 1377 784 τῷ
1415 728 1462 769 δὲ
1498 727 1768 784 πρεσβυτέρῳ

211 802 254 836 V.
267 811 310 846 97
323 795 494 845 βασιλεῖ
515 789 651 833 ἐδόκει
679 793 766 834 δεῖν
799 789 910 833 εἶναι
944 798 1122 846 γυναῖκα
1149 792 1497 847 μνηστεύσασθαι
1520 793 1578 851 τῷ
1605 789 1823 850 ἕγγόνῳ,ιο
1849 792 1852 798 ’

322 859 447 898 τοῦτο
473 858 573 910 μὲν,
603 854 670 898 ὅτι
696 856 770 898 καί
795 861 885 898 κατ’
914 855 1018 899 αὐτὸ
1048 855 1095 899 τὸ
1121 860 1194 912 τῆς
1211 855 1372 914 ἡλικίας
1395 855 1680 910 ἀκμαιότατον
1701 853 1769 911 ἧν,
1819 893 1821 895 .

323 917 446 977 (ἑπτά
472 919 552 975 γὰρ
581 920 654 962 ἐπὶ
677 927 762 971 τοῖς
789 920 920 964 εἴκοσι
945 924 1074 978 μέχρι
1100 920 1147 963 τό
1157 938 1200 964 τε
1228 924 1392 977 γέγονεν
1413 920 1517 978 ἔτη)
1546 917 1683 972 ἄλλως
1707 923 1771 974 θ’,

320 983 384 1027 ὅτι
413 984 510 1027 οὐδὲ
531 985 681 1036 παιδὸς
708 982 760 1041 ἦν
786 987 940 1042 πατὴρ,
974 986 999 1027 ὃ
1020 994 1106 1036 τοῖς
1129 990 1349 1042 βασιλεῦσι
1376 987 1461 1030 τῶν
1489 983 1769 1043 ἀναγκαιοτά-

319 1067 401 1092 των
438 1052 509 1092 ἑπί
541 1052 600 1108 τῷ
629 1050 826 1105 διάδοχον
853 1054 927 1107 τῆς
954 1049 1093 1108 ἀρχῆς
1119 1052 1232 1106 ἔχειν
1269 1054 1407 1095 δοκεῖ.
1458 1054 1668 1095 ἐκοινοῦτο
1710 1048 1765 1108 δή

319 1116 395 1156 καί
419 1116 477 1172 τῷ
504 1116 580 1173 νέῳ
607 1118 780 1169 βασιλεῖ
800 1115 876 1172 τήν
902 1117 1070 1173 γνώμην
1098 1116 1171 1159 καί
1205 1116 1414 1174 ἐπεχείρει
1448 1116 1634 1171 πειθειν,
1675 1113 1821 1171 ἅμαιό

317 1182 397 1233 μὲν
421 1179 494 1235 τὴν
521 1180 593 1221 ἐπὶ
620 1182 670 1236 τῇ
695 1181 1010 1240 τετελευτηκυιξι
1057 1183 1193 1237 λύπην
1232 1181 1451 1238 ὑφαιρῶν,
1495 1179 1584 1236 ἅμα
1612 1183 1660 1225 δὲ
1697 1183 1771 1224 καί

317 1243 392 1294 τὰς
419 1245 556 1294 αἰτίοις
584 1246 641 1294 (ὃς
669 1242 897 1301 α’ναγκαίας
922 1249 995 1289 τοῦ
1023 1249 1220 1304 δευτέρου
1247 1248 1382 1303 γάμου
1407 1250 1663 1304 προστιθείς.
1689 1251 1770 1302 βα-
1815 1268 1836 1286 f

319 1307 461 1359 σιλεύς
489 1311 534 1352 δὲ
564 1310 587 1351 ὃ
627 1312 717 1360 νέος
753 1311 826 1353 ἐπὶ
861 1313 989 1354 πᾶσιν
1017 1314 1215 1369 ἐπέτρεπε
1243 1313 1320 1368 τήν
1347 1312 1484 1368 κρίσιν
1511 1310 1782 1371 τῷπάπιυρζ

278 1372 380 1422 nuic
418 1377 487 1431 ἐφ’
527 1372 587 1424 οἷς
621 1371 674 1417 ἂν
714 1373 830 1435 αὐτῷ
870 1376 965 1436 δόξῃ
1005 1382 1235 1420 λυσιτελεῖν
1271 1377 1406 1420 αὐτοῦ
1432 1379 1766 1433 πεισθησομένου

316 1439 491 1488 πάντως.
519 1442 815 1493 σκοπουμένοις
842 1443 888 1484 δὲ
911 1443 1063 1495 αὐτοῖς,
1093 1439 1193 1485 ὅθεν
1219 1439 1271 1485 ἂν
1299 1442 1517 1497 ιίγάγοιντο
1543 1441 1622 1498 τὴν
1641 1445 1820 1496 βασι-πο

316 1505 432 1555 λίδα,
474 1502 681 1546 ἐπύθοντο
721 1505 780 1556 ὥς
817 1508 895 1548 τοῦ
921 1510 993 1563 τῆς
1020 1510 1215 1561 Σαβωΐας
1244 1503 1467 1563 ἄρχοντος,
1494 1506 1543 1550 ὃν
1569 1506 1711 1550 κόντον
1737 1504 1764 1563 ἦ

316 1568 515 1620 Λατίνων
541 1571 703 1626 γλῶττα
730 1574 869 1625 καλεῖ,
918 1571 992 1614 ἐπὶ
1016 1572 1096 1630 υἱῷ
1131 1571 1449 1627 τελευτήσαντος
1472 1570 1547 1614 καὶ
1568 1572 1764 1629 θυγατρὶ,

407 1659 442 1691 9.
468 1645 508 1680 A.
535 1647 574 1680 C.
606 1649 691 1683 1325
717 1654 836 1694 margo
861 1650 915 1684 ed.
928 1651 966 1686 P.
997 1650 1043 1683 ad
1066 1649 1102 1683 h.
1134 1651 1158 1683 1.
1182 1661 1382 1696 perperam.
1478 1661 1538 1686 at.
1566 1649 1705 1686 πόντον
1726 1655 1764 1685 et

402 1693 441 1725 in
467 1693 603 1727 Graeco
627 1694 760 1739 legitur
791 1697 890 1729 etin
923 1697 962 1732 C.
997 1697 1212 1731 Florentino
1242 1696 1506 1740 animadverti;
1535 1697 1674 1743 quippe
1710 1697 1764 1731 sie

410 1738 538 1772 Graeci
574 1740 787 1785 plerumque
819 1743 970 1775 nomina
1003 1744 1396 1789 μετασχηματίζουσιν
1428 1749 1466 1777 et
1489 1754 1556 1789 pro
1581 1754 1646 1776 suo
1681 1744 1762 1778 iure

410 1784 574 1828 faciunt;
610 1786 672 1818 scd
697 1788 843 1829 mirum,
866 1788 964 1822 unde
997 1788 1178 1822 Mem-sius
1194 1814 1203 1830 ,
1232 1789 1420 1823 Gretserus
1442 1794 1478 1823 et
1495 1791 1676 1823 Pontanus
1698 1801 1761 1823 ac-

409 1833 591 1911 Eelperin&
619 1834 787 1866 comitem
813 1834 885 1868 dici
898 1835 1015 1870 Conto
1038 1835 1136 1880 apud
1162 1835 1286 1870 Italos.
1314 1835 1446 1871 ED.P.
1489 1834 1573 1870 vid.
1599 1836 1759 1883 Ducang.
1803 1868 1813 1875 χ

458 1889 525 1910 oss.
585 1890 614 1914 r.
640 1890 665 1911 s.
690 1889 723 1917 v,

316 1944 560 1990 deportatum,
580 1947 619 1979 in
644 1946 745 1980 Libis
767 1948 986 1981 monasterio
1005 1948 1193 1994 magnifice
1212 1953 1248 1983 et
1274 1948 1371 1994 regia
1395 1959 1528 1994 pompa
1554 1948 1758 1984 funeratum

316 1997 380 2031 est²
428 1993 581 2025 Maritus
603 1993 642 2025 in
665 1993 797 2032 itinere
817 2005 883 2038 per
913 1994 1058 2028 eosdem
1083 1995 1161 2029 dies
1184 1996 1312 2038 Bizyae
1346 1995 1464 2028 minus
1493 1994 1591 2029 belle
1612 1995 1758 2039 habuit,

316 2042 358 2070 ut
374 2049 414 2070 ea
438 2045 586 2084 propter
604 2039 826 2084 aliquamdiu
848 2040 902 2073 ibi
924 2040 1146 2075 subsisteret.
1195 2043 1374 2082 Refectus,
1398 2041 1439 2073 in
1458 2042 1554 2075 viam
1575 2053 1613 2075 se
1633 2054 1756 2076 rursus

317 2082 433 2123 dedit,
457 2091 494 2118 ct
514 2085 708 2119 Heracleae
725 2092 866 2131 praeter
892 2087 1102 2131 opinionem
1130 2085 1175 2121 de
1199 2088 1303 2122 obitu
1326 2088 1448 2120 uxoris
1472 2089 1605 2122 certior
1627 2088 1756 2131 sactus,

315 2128 361 2161 ad
384 2130 460 2163 dies
480 2131 688 2175 quindecim
709 2133 788 2165 illic
807 2132 920 2166 luctui
953 2135 1100 2167 vacavit.
1150 2135 1233 2167 Post
1255 2133 1571 2178 Constantinopoli
1588 2146 1669 2168 cum
1688 2146 1754 2170 avo

316 2174 363 2207 ad
384 2175 623 2211 Novembrem
643 2189 684 2210 us
714 2189 759 2211 ue
783 2179 996 2212 Indictionis
1019 2186 1166 2213 octavae
1186 2182 1337 2214 mansit:
1363 2181 1427 2225 qui
1443 2179 1635 2214 secundam
1661 2193 1755 2215 uxo-

315 2231 391 2253 rem
416 2223 450 2255 ei
478 2190 771 2256 committendam
805 2226 968 2268 censuit;
1012 2231 1048 2259 et
1075 2227 1161 2272 quia
1184 2226 1302 2271 ipsum
1332 2226 1460 2260 aetatis
1492 2237 1556 2260 ver
1580 2228 1755 2272 agitabat,

316 2268 511 2311 septimum
532 2280 639 2313 supra
665 2270 873 2303 vicesimum
902 2276 1006 2304 natus
1030 2283 1176 2313 annum,
1201 2278 1237 2306 et
1261 2273 1474 2317 praesertim
1500 2273 1588 2318 quia
1616 2273 1753 2308 liberos

316 2312 435 2347 adhuc
458 2315 576 2347 nullos
598 2322 819 2361 susceperat:
841 2317 879 2349 id
899 2318 997 2362 quod
1020 2318 1302 2362 imperatoribus
1320 2323 1470 2363 propter
1490 2319 1752 2364 successionem

316 2360 597 2394 continuandam
619 2363 728 2395 etiam
752 2367 860 2408 atque
894 2365 1000 2396 etiam
1034 2365 1274 2397 necessarium
1304 2365 1422 2398 videri
1446 2365 1550 2398 solet.
1597 2364 1752 2409 Aperie-

314 2403 380 2438 bat
400 2406 509 2451 igitur
528 2407 585 2440 illi
603 2407 701 2452 quod
718 2414 838 2441 mente
863 2410 1069 2451 volutabat,
1094 2415 1131 2444 et
1163 2421 1243 2442 cum
1263 2410 1466 2445 rationibus
1493 2409 1750 2455 probabilibus

315 2461 513 2485 moerorem
543 2453 590 2486 ob
615 2454 821 2487 defunctam
843 2467 991 2489 uxorem
1016 2456 1050 2489 ei
1077 2455 1285 2497 detrahere,
1309 2462 1386 2490 tum
1416 2457 1628 2490 necessariis
1655 2458 1750 2492 alte-

315 2508 395 2530 rum
415 2501 681 2533 matrimonium
702 2501 919 2544 persuadere
944 2502 1150 2536 conabatur.
1181 2502 1302 2547 Nepos
1326 2507 1438 2536 totam
1460 2513 1534 2535 rem
1550 2503 1628 2536 eius
1648 2504 1748 2538 iudi-

314 2543 371 2576 cio
394 2546 649 2588 permittebat,
673 2545 983 2591 obtemperaturus
1002 2559 1067 2592 per
1084 2546 1225 2589 omnia,
1249 2560 1343 2594 quae
1367 2549 1432 2582 ille
1451 2549 1639 2593 profutura
1670 2556 1749 2584 sta-

313 2589 454 2623 tuisset.
509 2591 860 2636 circumspicientes,
888 2594 986 2627 unde
1019 2595 1282 2639 imperatricem
1306 2595 1540 2636 sortirentur,
1567 2597 1748 2641 comperi-

313 2639 402 2676 unt,
425 2638 625 2682 principem
646 2637 861 2680 sabaudiae,
893 2650 1000 2684 quem
1019 2641 1231 2674 Latinorum
1250 2641 1375 2686 lingua
1399 2646 1552 2682 centon,
1582 2639 1653 2676 hoe
1679 2647 1746 2684 est,

314 2682 482 2718 comitem
509 2689 613 2719 vocat
625 2708 637 2727 ‚
671 2684 748 2719 filio
767 2684 917 2732 filiaque
937 2686 1207 2732 superstitibus,
1226 2698 1245 2722 e
1266 2687 1340 2723 vita
1358 2687 1549 2734 migrasse:
1575 2694 1613 2724 et
1629 2689 1745 2724 filium
