1832 3132
332 125 442 190 324
870 129 1238 175 CANTACUZEM

138 253 175 285 A.
189 251 319 287 c.1328
333 242 536 299 ριμένειν,
563 233 782 290 ἐξηρτύετο
809 231 887 275 καὶ
907 231 1036 283 αὕτὸς
1061 231 1114 276 τοὶ
1140 233 1245 290 πρὸς
1270 232 1345 289 τὴν
1361 232 1515 289 μάχην.
1542 234 1616 276 καὶ
1633 248 1759 290 στρα-

326 305 475 352 τιώτας
502 299 664 354 ἔπεμψέ
692 313 816 347 τινας,
836 297 896 347 ὥς
923 295 971 339 τὸ
996 297 1276 354 στρατόπεδον
1301 299 1385 340 τῶν
1399 296 1607 352 πολεμίων
1631 313 1760 339 κατα-

326 370 617 422 σκεψομένους.
658 363 756 420 περὶ
780 361 1047 419 μεσημβρίαν
1077 363 1124 404 δὲ
1163 361 1202 404 οῖ
1228 362 1482 405 κατάσκοποι
1504 357 1603 420 ἧκον
1628 367 1760 420 στρα-

324 433 481 484 τιῶται,
511 424 676 484 ἄγοντες
703 429 777 470 καί
801 425 984 476 Μυσούς
1011 424 1288 484 δοριαλώτους
1315 429 1371 478 ἓξ·
1409 427 1454 470 οἳ
1476 423 1757 484 ἇνερευνιόμεε

325 513 402 550 νοι,
429 494 497 538 τὸν
518 494 693 548 βασιλέα
719 491 882 549 ἔφασαν
905 492 1025 549 σφῶν
1047 493 1097 549 τῇ
1126 491 1352 550 προτεραίᾳ
1366 486 1528 548 ’ἄραντα
1554 493 1607 549 τῇ
1627 491 1783 548 στρα-,ὄ

319 562 389 619 τιᾷ
418 559 607 614 οἴχεσθαι
635 559 693 607 εἰς
720 556 796 613 τὴν
824 555 990 611 οἰκείαν,
1024 554 1176 605 αὖτούς
1200 557 1247 598 δὲ
1276 557 1467 612 ἁρπαγῆς
1493 557 1611 600 ἕνεκα
1638 571 1757 611 περι-

280 627 583 682 Βλειφθέντας,
617 621 700 665 ὕπὸ
727 623 810 665 τῶν
838 622 1105 679 στρατιωτῶν
1133 619 1301 664 ἁλῶναι.
1331 619 1442 665 οῧτω
1469 623 1549 676 μὲν
1575 618 1755 677 ,ΖΙᾶιχαὴλ

322 689 677 747 κατεστρατήγησε
703 690 889 743 βασιλέα.
936 687 986 729 οὔ
1015 690 1186 736 πολλαῖς
1214 687 1262 728 δὲ
1286 681 1456 744 ὕστερον
1482 684 1660 744 ἡμέραις
1686 685 1760 728 καί

322 755 446 805 αὐτὸς
473 757 684 809 εἰσέβαλεν
711 755 770 803 εἰς
797 751 872 809 τὴν
890 751 1082 806 Μυσίαν,
1111 754 1183 795 καί
1208 746 1342 794 τᾶλλα
1369 767 1415 794 τε
1440 751 1648 795 ἐκάκωσεν
1676 747 1757 793 αὖ..

319 821 396 877 τὴν
425 823 498 863 καί
529 819 766 873 Διάμπολιν
807 815 914 861 εἷλεν
947 820 992 868 ἔξ
1019 815 1189 874 ἐφόδου·
1241 815 1315 859 καὶ
1348 815 1568 874 πορθήσας
1591 813 1808 871 ·αὖτὴν,ιο

261 925 264 931 ,
320 888 584 938 ἑπανέζευξεν
620 886 680 934 εἰς
718 882 793 939 τὴν
831 883 994 926 οἰκείαν.
1044 883 1067 924 ὅ
1096 880 1278 938 Μιχαὴλ
1317 883 1364 924 δὲ
1400 879 1508 936 μετὰ
1534 879 1755 937 ἑξηκοστὴν

317 952 478 1009 ἡμέραν
505 951 577 1005 τῆς
603 953 808 1004 βασιλέως
835 949 1026 1004 εἰσβολῆς
1053 947 1178 990 πάλιν
1205 948 1277 989 καί
1302 945 1430 998 αὐτὸς
1457 947 1670 1001 εἰσέβαλεν
1693 947 1752 996 εἰς

318 1016 394 1072 τὴν
414 1016 655 1069 εΡωμαίων.
673 1015 746 1055 καί
768 1013 982 1069 γενόμενος
1008 1015 1052 1055 ἐν
1074 1013 1303 1069 Ὀδρυσοΐς,
1323 1011 1371 1054 τὸ
1391 1012 1603 1054 Βουκέλου
1623 1025 1754 1068 προσ-

318 1082 616 1138 αγορευόμενον
658 1077 843 1133 πόλισμα
877 1076 960 1123 εἷλε
1002 1077 1222 1136 προδοσιζκ,
1259 1078 1343 1120 τῶν
1380 1076 1578 1133 φυλάκων
1608 1074 1754 1124 νυκτὸς

315 1147 672 1204 καταπροδόντων·
711 1143 782 1187 καὶ
810 1144 1192 1201 ἐστρατοπέδευσεν
1229 1145 1275 1187 ἐν
1304 1143 1416 1200 αὐτῷ
1443 1138 1646 1197 ἀδικήσας
1669 1143 1804 1197 μηΙ-ιό

183 1222 221 1260 P.
231 1222 301 1260 200
315 1215 397 1256 δέν.
445 1210 643 1267 βασιλεὺς
680 1211 727 1252 δὲ
768 1210 1057 1266 Διδυμοτείχῳ
1097 1208 1386 1265 ἐνδιατρίβων,
1443 1205 1538 1250 ἐπεὶ
1573 1204 1752 1249 ἐπύθετο

315 1277 391 1334 τὴν
419 1275 628 1332 εἰσβολὴν,
670 1277 730 1324 εἶς
763 1271 1119 1330 Ἀδριανούπολιν
1154 1268 1256 1330 ἦλθε
1299 1271 1406 1315 κατὰ
1444 1270 1599 1326 τάχος,
1635 1270 1758 1313 κᾶκεῖ

313 1342 561 1399 συνήθροιζε
589 1339 663 1396 τὴν
689 1338 887 1396 στρατιὰν
914 1337 970 1389 ὥς
995 1336 1264 1394 μαχούμενος
1288 1340 1476 1388 Μυσοῖς.
1502 1338 1576 1379 καί
1601 1334 1626 1379 ὅ
1651 1337 1748 1379 Μι-

311 1406 422 1464 χαὴλ
444 1409 489 1450 ἐν
509 1409 719 1448 Βουκέλου
742 1405 1192 1462 ἐστρατοπεδευμένος,
1219 1401 1551 1460 παρεσκευάζετο
1571 1399 1645 1444 καί
1672 1397 1750 1455 αὖ-

311 1472 396 1526 τός,
432 1474 478 1515 ἐκ
513 1474 585 1526 τῆς
625 1471 775 1519 οἰκείας
810 1468 1010 1526 στρατιὰν
1035 1467 1416 1524 μεταπεμπόμενος.
1461 1465 1535 1510 καί
1568 1464 1803 1522 ὕστεροναο

310 1539 489 1595 ἡμέραις
527 1535 682 1591 ὀλίγαις
716 1533 765 1578 τὸ
803 1533 1030 1592 Προβάτου
1071 1534 1145 1577 καί
1182 1532 1285 1576 αὐτὸ
1322 1531 1506 1587 πόλισμα
1545 1530 1670 1586 ἐγγύς
1697 1526 1746 1572 ὂν

296 1601 860 1662 περιστρατοπεδευσάμενος
896 1599 1138 1655 ἐπολιόρκει.
1189 1596 1299 1641 οὕτω
1331 1601 1411 1652 μὲν
1445 1593 1519 1640 οὖν
1555 1595 1749 1653 ἀλλήλοις

310 1666 776 1725 ἀντεστρατοπεδεύοντο
804 1665 876 1707 ἐπὶ
896 1664 1122 1720 ’τριάκοντα
1161 1665 1339 1720 ἡμέραις
1366 1659 1666 1720 έξαρτυόμενοι
1693 1660 1750 1704 τὰ

308 1733 412 1789 πρὸς
436 1731 509 1787 τὴν
535 1730 686 1787 μάχην.
716 1729 810 1774 ἐπεὶ
834 1731 880 1771 δὲ
905 1725 986 1784 ἤδη
1005 1727 1142 1779 πάντα
1167 1727 1418 1785 ἐπεπόριστο
1443 1728 1518 1773 καὶ
1532 1725 1615 1770 ἔδει
1635 1727 1748 1776 ἐπιέ-

272 1811 402 1850 Βναι,
444 1795 667 1852 πρεσβείαν
702 1798 874 1849 πέμψας
913 1792 937 1834 ὅ
964 1791 1165 1847 βασιλευς
1191 1791 1298 1849 πρός
1325 1789 1536 1847 Μιχαὴλ,
1578 1789 1799 1835 οἴεσθαιαό

312 1860 447 1916 ἔλεγεν
474 1861 744 1916 ἐπιλελῆσθαι
782 1859 909 1902 αὐτὸν
935 1860 1018 1900 τῶν
1054 1872 1098 1900 τε
1126 1853 1259 1914 ὅρκων
1289 1857 1362 1899 καί
1390 1857 1471 1900 τῶν
1507 1857 1741 1912 συνθηκῶν,

311 1975 365 2008 los
386 1973 431 2006 ad
447 1978 558 2006 castra
573 1972 779 2006 Moesorum
807 1967 1026 2014 exploranda
1052 1968 1224 2002 dimittitz
1260 1967 1324 2014 qui
1355 1967 1422 2001 sub
1450 1965 1639 2001 meridiem
1663 1976 1744 2000 cum

312 2032 375 2054 sex
387 2021 520 2053 Moesis
541 2019 688 2063 captivis
706 2022 941 2050 revertuntur.
989 2017 1021 2049 Ii
1033 2014 1256 2060 interrogati,
1277 2025 1395 2059 regem
1414 2013 1530 2058 pridie
1545 2023 1624 2046 cum
1638 2022 1743 2045 exer-

312 2067 386 2100 citu
405 2066 550 2098 domum
571 2075 787 2109 regressum,
821 2073 859 2095 se
884 2061 1079 2105 praedandi
1100 2073 1204 2095 causa
1226 2061 1369 2094 relictos
1392 2065 1429 2093 et
1447 2061 1498 2094 ita
1518 2065 1640 2104 captos
1663 2068 1741 2092 mer—

312 2118 462 2146 morant.
512 2111 571 2144 Sic
598 2109 755 2144 Michael
775 2113 1022 2152 strategemate
1052 2109 1305 2153 imperatorem
1337 2106 1484 2142 delusit.
1529 2105 1612 2139 Non
1635 2103 1742 2138 inulti

313 2159 390 2192 dies
412 2159 710 2196 intercesserunt,
742 2167 822 2188 cum
850 2155 928 2198 ipse
953 2165 1096 2200 quoque
1121 2155 1318 2199 imperator
1348 2153 1524 2186 Moesiam
1543 2152 1742 2191 incursans,
1831 2190 1832 2196 ἵ

314 2210 351 2238 et
383 2209 499 2237 cetera
524 2203 691 2236 infestam
718 2201 850 2234 habuit
881 2206 918 2234 ct
946 2200 1153 2245 Diampolin
1190 2200 1306 2244 primo
1333 2199 1473 2244 impetu
1505 2197 1740 2243 expugnavit,
1830 2207 1832 2231 1

312 2256 420 2295 atque
444 2251 494 2282 ita
525 2251 564 2283 in
598 2248 819 2293 provinciam
851 2258 949 2280 suam
980 2258 1139 2281 reversus
1161 2251 1225 2279 est.
1272 2246 1343 2278 Die
1371 2245 1416 2278 ab
1440 2244 1508 2278 hae
1533 2243 1739 2278 incursione

312 2297 530 2341 sexagesimo
554 2306 692 2328 rursum
713 2293 868 2326 Michael
893 2294 932 2326 in
953 2295 1128 2327 Romanos
1148 2290 1422 2336 praedabundus
1443 2291 1604 2332 invadit,
1639 2294 1677 2322 et
1700 2289 1740 2321 in

311 2343 460 2386 Odrysis
471 2342 640 2374 Bucelum
662 2339 873 2384 oppidulum
886 2351 951 2384 per
973 2339 1213 2384 proditionem
1235 2338 1486 2371 excubitorum
1501 2337 1601 2382 capit
1611 2335 1739 2379 ibique

311 2395 424 2422 castra
444 2389 521 2421 sine
538 2387 712 2420 maleficio
736 2386 852 2430 ponit.
898 2387 1096 2430 Imperator
1117 2383 1411 2428 Didymotichum
1431 2383 1636 2416 incursione
1680 2392 1738 2414 er-

309 2435 394 2476 lata,
417 2434 678 2478 Adrianopolin
700 2432 860 2471 festinat,
885 2431 948 2464 ubi
970 2433 1122 2464 militem
1142 2430 1188 2463 ad
1207 2441 1360 2475 pugnam
1386 2429 1533 2473 colligit.
1580 2391 1739 2472 Miciiael

311 2491 455 2526 quoque
474 2479 579 2513 domo
597 2479 759 2513 cohortes
781 2478 949 2511 Bucelum
968 2483 1090 2511 evocat
1115 2487 1264 2521 seseque
1284 2476 1330 2509 ad
1352 2481 1528 2510 certamen
1545 2478 1736 2518 comparat.

308 2528 392 2560 Post
412 2538 544 2572 paucos
566 2527 641 2559 dies
664 2524 856 2559 Probatum
878 2525 1036 2556 vicinum
1060 2522 1272 2567 oppidulum
1299 2522 1489 2555 obsidione
1508 2521 1630 2566 cingit.
1678 2519 1738 2552 Sic

308 2584 423 2619 usque
448 2573 487 2604 in
507 2573 725 2605 tricesimum
751 2570 845 2602 diem
870 2576 984 2603 castra
1005 2571 1130 2603 castris
1149 2574 1391 2613 opponentes,
1416 2567 1462 2601 ad
1479 2567 1657 2612 proelium
1676 2576 1735 2598 se-

310 2630 347 2652 se
371 2619 606 2653 instruebant.
655 2618 786 2650 Paratis
815 2617 884 2648 iam
916 2616 1095 2656 omnibus,
1120 2627 1199 2648 eum
1221 2615 1266 2647 ad
1290 2626 1415 2647 manus
1438 2613 1656 2647 veniendum
1678 2622 1734 2644 es·-

310 2672 384 2706 set,
418 2667 532 2699 mittit
554 2665 766 2709 legationem
797 2662 841 2694 ad
868 2662 1079 2695 Michaelem
1109 2662 1320 2705 imperator,
1356 2661 1455 2694 cuius
1479 2659 1568 2692 haec
1598 2668 1734 2692 summa

310 2713 399 2747 fuit:
423 2712 549 2746 Videri
575 2712 691 2755 ipsum
715 2709 871 2743 foederis
897 2714 933 2743 et
949 2707 1195 2748 iurisiurandi,
1222 2707 1320 2753 quod
1335 2707 1432 2741 inter
1449 2718 1487 2741 se
1507 2704 1605 2751 apud
1623 2705 1733 2739 'rzer-
