1786 3126
235 100 264 136 2
274 102 302 137 2
757 91 1123 136 CANTACUZENI

41 210 123 246 ΑΒ.
140 213 226 250 1320
235 217 318 243 των
340 198 623 254 ἐμπλησθῆναι
644 194 715 238 καὶ
747 194 942 252 ‹pti-mdiu
975 194 1046 236 καί
1063 194 1120 236 ἐῶ
1145 191 1362 249 λεηλασίας
1381 189 1455 234 καὶ
1472 193 1662 250 apanni-

233 282 318 308 των
343 262 527 320 φθορὰς,
571 263 616 302 ἐν
648 257 714 310 αἷς
743 261 1053 316 διαφθεροῦμεν
1084 257 1160 314 τὴν
1191 258 1344 300 οἰκείαν
1373 257 1430 308 ὥς
1449 257 1663 312 πολεμῶν.

234 330 283 371 τί
298 323 373 370 οὖν
394 323 446 369 c'iv
476 343 539 376 τις
558 324 830 379 βουλεύσαιτο
856 323 960 381 πρὸς
980 320 1187 379 τοσαύτην
1217 319 1536 366 ἀνακύπτουσαν
1550 324 1663 378 fild-s

234 410 336 448 στην
358 392 515 441 κακῶν;
547 389 595 432 τὸ
617 392 695 444 μὲν
715 389 792 446 γὰρ
814 388 888 432 τὸν
911 392 1001 432 νέον
1024 389 1198 444 βασιλέα
1229 388 1428 444 περιϊδεῖν
1455 383 1601 438 οὕτως·
1617 388 1663 438 ἐξ

235 458 429 510 οὐδεμιᾶς
461 454 597 505 αἰτίας
628 457 1012 511 προπηλακισθέντα
1042 453 1114 495 καὶ
1142 452 1220 508 τήν
1249 450 1465 507 βασιλείαν
1485 447 1687 508 dputes-5

235 525 390 575 θέντα,
423 519 522 570 ἴσως
548 522 594 563 δὲ
617 519 689 562 καὶ
709 520 805 576 περὶ
821 518 868 562 τὸ
892 521 967 575 ζῆν
1002 516 1344 571 κινδυνεύσοντα,
1376 517 1501 560 οὐδὲν
1524 515 1663 571 ἔμοιγε

233 583 357 642 ἧττον
378 585 587 629 θανάτου·
622 586 670 629 τὸ
689 588 731 628 δ’
762 579 818 628 αὖ
840 584 962 627 πάλιν
989 584 1066 641 πρὸ
1102 586 1178 626 τοῦ
1198 581 1474 640 προσήκοντος
1503 580 1662 638 χρόνον

241 652 342 709 πρὸς
371 652 545 706 πόλεμον
575 649 764 706 ἑτοιμους
796 647 1006 708 ὄφθῆναι,
1051 651 1107 701 ὥς
1131 652 1266 692 δοκεῖν
1293 648 1369 710 καὶ·
1392 654 1485 700 τοῖς
1509 646 1664 702 ῧξωθεν

202 727 228 759 C
244 716 398 767 αὖτοὺς
421 718 529 773 ἡμᾶς
552 717 782 773 ἐξεπίτηδες
808 715 882 758 τὸν
913 717 1086 770 βασιλέα
1106 715 1327 774 παρορμῗφ
1345 713 1451 772 πρὸς
1483 711 1665 759 ’ἀποστα-

233 784 330 828 σίαν
353 785 430 826 τοῦ
449 781 617 825 πάππου
639 782 711 825 καὶ
729 781 955 837 βασιλέως,
997 780 1196 837 ἀβουλίας
1219 777 1332 823 εἶναι’
1352 796 1427 834 μοι
1457 782 1718 837 &ensesque

235 849 427 905 ἐσχάτης.
466 848 546 903 ἐγώ
573 850 651 905 γὰρ
684 848 884 890 τοσούτου
919 850 1000 890 δέω
1021 847 1124 904 πρὸς
1153 844 1409 890 ἀποστασίαν
1441 847 1519 888 τοῦ
1543 850 1665 901 βασι.-

234 917 337 964 λέως
358 914 432 956 τὸν
463 912 626 968 ἔγγονον
650 910 782 955 αύτοῧ
804 912 877 955 καί
908 916 1082 967 βασιλέα
1114 917 1379 969 παρακινεῖν,
1412 909 1543 966 ὥστε,
1574 915 1666 956 xasa

235 997 299 1025 τοι
319 982 466 1022 τοῦτον
489 978 596 1021 πάνυ
620 979 751 1035 φιλῶν
778 978 870 1032 καί,
906 979 962 1028 ὥς
983 978 1106 1037 δρᾷς,
1130 980 1293 1032 ἕτοιμος
1315 973 1374 1020 ὢν
1394 977 1467 1020 καὶ
1485 976 1561 1035 τὴν
1581 989 1667 1032 ψυ-

235 1047 317 1102 χήν
339 1045 470 1100 αὗτῆν
495 1044 597 1100 ὗπὲρ
621 1039 752 1085 αὗτοῢ
764 1045 992 1100 προέσθαι,
1019 1041 1070 1086 εὖ
1090 1044 1181 1088 ἴσθι
1201 1043 1359 1099 σαφῶς,
1382 1043 1460 1085 οὔκ
1479 1039 1532 1101 ἂν
1552 1039 1667 1100 αύτῷ

238 1103 474 1168 συνέπραξα
501 1109 605 1166 πρὸς
632 1105 774 1164 οῦδὲν,
808 1108 890 1164 εἴγε
911 1103 985 1166 τῆς
1017 1107 1150 1168 ἀρχῆς
1172 1105 1302 1152 αὗτὸν
1333 1106 1476 1166 ἑώρων
1506 1108 1719 1166 aposta-¹5

237 1178 446 1232 μούμενον
472 1171 751 1230 ἀποστερῆσαι
778 1174 852 1219 τὸν
883 1179 1059 1231 βασιλέα
1080 1175 1340 1234 χρησάμενον
1359 1175 1569 1236 πλεονεξίᾳ
1598 1175 1672 1218 καὶ

239 1242 418 1298 ἁρπαγῇ.
457 1234 509 1295 ἦν
529 1238 604 1295 γὰρ
629 1234 679 1281 ἂν
700 1241 851 1291 ἐκεῖνος
871 1245 950 1295 μὲν
973 1238 1097 1285 οὖδὲν
1128 1243 1341 1298 διαφέρων
1372 1240 1668 1296 Ἀβεσσαλῶμ,

195 1305 471 1362 1)’,Αχιτόφελ
493 1307 532 1346 δ’
542 1303 635 1359 ἐγώ.
656 1308 877 1364 τοιγαροῦν
897 1309 1111 1365 ἐπειδήπερ
1134 1309 1194 1358 εἷς
1212 1306 1411 1363 τοιαύτην
1431 1307 1671 1364 συνηλάθῃ.
1704 1319 1710 1323 ·

238 1389 315 1425 μεν
337 1369 513 1427 ἀνάγκην
534 1372 796 1428 πραγμάτων,
819 1375 905 1415 δεῖν
926 1371 1033 1417 εἶναι
1052 1374 1207 1429 νομίζω
1227 1373 1275 1416 τὸ
1297 1377 1425 1429 μέσον
1435 1370 1670 1428 ἑλομένους,

238 1436 446 1494 ἑκατέρων
467 1433 727 1491 ἀποσχέσθαι
747 1440 830 1482 τῶν
861 1434 1020 1495 ἅκρων,
1053 1440 1125 1482 καί
1151 1441 1249 1496 μήτ’
1269 1437 1430 1494 ἀμελῶς
1460 1440 1568 1483 πάνυ
1599 1439 1724 1483 naimo

241 1502 444 1560 ῥᾳθύμως
481 1504 660 1557 διάγειν,
698 1504 757 1553 ὦς
788 1503 965 1559 μηδενὸς
995 1507 1337 1560 προσδοκωμένου
1371 1507 1531 1560 δεινοῦ,
1571 1505 1670 1561 μήτ’

124 1562 165 1599 V·
187 1562 227 1607 ¹4
244 1563 302 1609 αὖ
320 1570 443 1610 πάλιν
463 1569 768 1624 ἀπερισκέπτως
800 1567 910 1611 οὕτω
935 1570 1008 1611 καί
1032 1574 1223 1627 θρασέως
1243 1570 1297 1613 τὰ
1327 1573 1531 1614 δοκοῦντα
1562 1588 1670 1625 συμ-

236 1634 420 1690 φέροντα
442 1634 648 1689 πράττειν.
692 1636 816 1676 τοῦτο
840 1636 886 1677 δὲ
916 1636 1066 1689 γένοιτ’
1087 1631 1164 1690 ἂν,
1208 1634 1292 1691 εἴγε
1330 1635 1409 1692 τήν
1441 1638 1520 1691 μὲν
1542 1652 1672 1695 προσ..

331 1724 380 1758 ¹7·
403 1705 652 1760 Ἀβεσσαλῶμ.
676 1714 756 1759 Reg.
780 1716 822 1747 Π.
845 1714 894 1749 15.
917 1725 993 1760 sqq.
1016 1715 1092 1749 ΕΙ).
1109 1715 1149 1751 P.
1652 1713 1655 1715 Α

235 1793 429 1835 vastitates,
454 1793 585 1838 quibus
606 1798 735 1827 terram
754 1798 908 1827 nostram
922 1795 1075 1838 perinde
1092 1799 1132 1827 ut
1147 1793 1316 1828 hostilem
1336 1795 1518 1840 regionem
1546 1790 1670 1829 defor-

235 1839 421 1876 mabimus.
462 1839 562 1884 Quid
582 1851 663 1885 ergo
684 1841 850 1874 adversus
874 1847 1096 1875 enascentem
1119 1846 1190 1874 tam
1207 1843 1399 1875 multorum
1425 1841 1672 1875 incommodo-

237 1897 314 1919 rum
328 1887 560 1931 propaginem
580 1887 731 1920 remedii
754 1887 1162 1931 excogitabimus?Mihi
1181 1899 1264 1921 sane
1279 1889 1456 1921 iuniorem
1476 1889 1671 1932 imperato-

237 1943 311 1964 rem
330 1933 429 1965 nulla
458 1944 518 1965 sua
538 1933 640 1976 culpa
660 1939 730 1966 tam
758 1935 994 1977 ignominiose
1014 1933 1194 1974 habitum,
1229 1939 1266 1967 et
1287 1945 1365 1967 cum
1393 1935 1545 1978 imperio
1562 1936 1672 1968 vitam

236 1973 381 2022 quoque
401 1980 512 2022 ipsam
529 1979 676 2011 fortasse
698 1981 904 2013 amissurum
924 1980 1122 2024 negligere,
1143 1981 1268 2012 mortis
1288 1981 1400 2012 instar
1419 1984 1483 2013 est.
1522 1981 1672 2013 Rursum

236 2029 319 2056 ante
342 2029 481 2068 tempus
504 2025 548 2057 ad
569 2025 704 2057 bellum
723 2031 938 2069 comparatos
960 2036 1129 2070 apparere
1143 2050 1153 2066 ,
1186 2030 1227 2058 ut
1244 2025 1288 2058 ab
1307 2027 1439 2059 exteris
1460 2037 1604 2071 quoque
1626 2027 1672 2060 de

237 2075 418 2113 compacto
439 2076 607 2114 nepotem
635 2071 679 2103 ad
697 2071 935 2104 defectionem
963 2072 1006 2103 ab
1031 2082 1096 2105 avo
1123 2072 1318 2105 sollicitare
1336 2073 1600 2114 existimemur,
1633 2072 1671 2106 id

238 2126 302 2160 ego
329 2117 367 2148 in
389 2127 520 2148 summa
540 2118 741 2150 temeritate
766 2129 933 2157 numero,
976 2122 1012 2151 et
1033 2118 1077 2150 ab
1097 2129 1137 2150 ea
1155 2123 1276 2151 mente
1303 2124 1441 2152 tantum
1459 2119 1581 2152 absum
1594 2143 1604 2159 ,
1631 2123 1673 2153 nt

238 2163 394 2206 quamvis
407 2163 668 2195 adolescentem
678 2163 780 2196 valde
790 2174 901 2196 amem
910 2169 956 2202 et,
966 2169 1006 2197 ut
1014 2164 1125 2201 vides.
1137 2165 1253 2208 ipsum
1262 2165 1409 2208 insuper
1422 2175 1548 2210 corpus
1555 2175 1672 2198 meum

238 2208 315 2240 eius
334 2219 434 2241 causa
449 2210 624 2253 proiicere
640 2221 714 2243 non
735 2220 905 2250 recusem,
923 2215 1052 2250 tamen,
1070 2210 1159 2243 mihi
1179 2211 1294 2251 crede,
1319 2222 1392 2244 non
1410 2212 1443 2245 ei
1458 2222 1512 2245 me
1532 2213 1670 2255 uspiam

237 2253 435 2287 adiutorem
454 2267 493 2287 ac
517 2256 650 2287 socium
675 2255 883 2299 praeberem
897 2281 906 2296 ,
927 2258 965 2288 «si
983 2256 1028 2288 ad
1049 2267 1151 2289 avum
1174 2258 1379 2302 principatu
1403 2269 1469 2302 per
1486 2259 1670 2291 avaritiam

239 2305 275 2332 et
296 2301 435 2344 rapinas
452 2302 705 2345 depellendum
727 2302 933 2335 incumbere
947 2303 1271 2336 animadverterem.
1306 2304 1365 2337 Sic
1381 2305 1476 2337 enim
1496 2305 1574 2348 ipse
1591 2303 1668 2336 Ab-

239 2346 414 2389 salonmn,
443 2359 506 2391 ego
527 2347 798 2391 Achitophelem
821 2349 1016 2382 induerem.
1079 2349 1256 2393 Quoniam
1281 2351 1391 2394 igitur
1420 2351 1459 2383 in
1479 2351 1581 2384 istam
1601 2361 1669 2382 ne-

239 2393 437 2425 cessitatem
466 2394 693 2433 devenimus,
735 2394 779 2427 ad
795 2395 952 2427 officium
979 2395 1161 2439 pertinere
1184 2396 1327 2436 iudico,
1357 2398 1478 2429 vitatis
1502 2397 1670 2430 extremis

239 2439 277 2470 in
295 2438 413 2471 medio
436 2441 649 2480 consistere,
676 2445 712 2472 et
728 2452 846 2485 neque
865 2452 986 2474 secure
1003 2453 1042 2474 ac
1063 2441 1243 2476 desidiose
1257 2444 1364 2481 vitam
1386 2443 1549 2482 transire,
1567 2443 1669 2487 quasi

238 2483 331 2516 nihil
347 2495 447 2529 grave
467 2486 728 2519 formidandum
749 2488 807 2527 sit,
830 2499 948 2532 neque
968 2489 1018 2520 ita
1040 2488 1304 2522 inconsiderate
1322 2495 1358 2522 et
1378 2489 1556 2528 audacter,
1578 2499 1669 2532 quae

239 2531 343 2562 utilia
364 2532 572 2573 videantur,
599 2533 779 2576 persequi.
834 2534 875 2566 Id
897 2545 1173 2578 consequemur,
1213 2536 1243 2568 si
1270 2536 1472 2569 imminenti
1495 2536 1670 2568 tentatio-

239 2586 324 2608 num
344 2576 500 2611 flammae
520 2579 660 2611 consilii
683 2578 891 2622 prudentia,
916 2586 1087 2624 quantum
1108 2582 1146 2614 in
1166 2581 1271 2614 nohis
1292 2587 1368 2622 est,
1401 2582 1671 2622 occurrerimus,

239 2622 477 2667 iuvenemque
497 2625 743 2668 imperatorem
765 2627 803 2658 in
826 2630 904 2659 tuto
925 2632 1030 2670 portu
1054 2627 1364 2668 constituerimus,
1399 2632 1441 2659 ut
1462 2627 1549 2660 licet
1564 2629 1671 2660 vastis

238 2668 401 2715 undique
415 2670 583 2706 fluctibus
599 2682 693 2707 mare
709 2672 879 2717 agitetur,
906 2673 1019 2711 omnis
1034 2673 1185 2718 periculi
1202 2675 1331 2711 timore
1348 2678 1459 2711 vacet
1514 2673 1622 2719 Quod
1640 2674 1670 2713 si
