1852 3146
324 111 433 177 234
845 122 1214 173 CANTActhi-,m-
1260 131 1269 172 g

130 228 441 279 A.c.1327zo':h‚
484 220 575 266 ἄλλ’
602 218 631 279 ἢ
655 224 786 277 μόνον
825 219 906 266 ἇπό
947 226 1021 280 τῆς
1054 223 1218 281 φήμης,
1247 224 1317 266 καὶ
1349 219 1399 274 ἂς
1425 223 1611 281 γνωρίσω
1635 224 1753 284 ζατᾶ-
1792 258 1797 271 ,-

323 294 459 332 πᾶσαν
484 290 734 343 συντομίαν,
775 284 854 342 ὅτι,
881 289 940 338 ὦς
963 286 1153 346 οἷνωτέρω
1178 288 1361 345 εἴρηται,
1405 286 1527 338 οὗδὲν
1553 284 1653 339 ἄλλο
1672 290 1756 335 ὢν,

321 352 541 408 δεχόμεθα,
565 349 596 408 ἢ
613 353 659 395 τὸ
686 352 857 409 μήνυμα
883 353 1042 408 fiatfiat?
1068 357 1140 397 καί
1159 356 1368 403 Κωκαλᾶς
1395 355 1441 396 δὲ
1461 353 1606 402 οὗτοσὶ
1629 370 1756 411 πρωε

319 417 583 476 τοβεστιαρίῳ
618 420 672 476 τῷ
698 422 870 478 γαμβρῷ
895 420 1086 477 γράφων,
1127 416 1322 472 ἆμέλειαν
1347 416 1479 466 αὖτοῦ
1504 417 1656 475 πολλὴν
1671 422 1746 464 καὶ

320 484 533 541 ρᾳθυμίαν
571 483 887 539 καταγινώσκει,
935 484 1007 527 καί
1039 486 1097 535 ὦς
1128 484 1187 540 μὴ
1227 482 1302 533 τὰς
1330 486 1571 539 ἐπαγγελίας
1591 486 1769 540 flurin-5

320 550 460 604 ροῦντι
489 548 748 604 ἐπιπλήττει,
792 550 851 600 ὥς
878 553 1136 604 λυπουμένου
1162 551 1240 604 μὲν
1274 552 1481 604 βασιλέως,
1499 548 1570 592 διὰ
1594 551 1744 602 ταῦτα,

320 613 619 666 αἰσχυνομένου
651 615 696 656 δὲ
736 615 890 668 αὐτοῦ,
937 613 983 665 ὃς
1011 617 1272 670 ἐπηγγείλατο
1298 612 1400 667 μετὰ
1433 615 1745 670 animle-{mps-

319 678 433 727 λείας
460 674 587 720 αὗτὸν
609 680 681 720 καί
700 682 931 735 ταχυτῆτος
963 679 1195 736 πληρώσειν
1218 677 1271 722 τα
1294 679 1582 734 ἐπηγγελμένα.
1606 678 1676 726 ἵνα
1696 677 1745 718 δὲ

195 753 229 786 Ρ.
247 751 312 789 145
321 741 390 784 διὰ
424 741 468 784 τὸ
497 742 555 798 μὴ
591 746 788 799 καθαρῶς
821 743 874 785 τὰ
904 745 1219 798 ἀναγνωσθέντα
1248 743 1543 799 προστάγματα
1567 741 1745 799 γράφειν

320 810 417 864 περί
436 810 561 862 ἐμοῦ,
602 808 702 864 περί
724 825 847 852 τινων
870 805 1007 852 ἄλλων
1028 811 1116 851 τισί
1138 809 1287 858 δόξωσι
1309 807 1570 866 γεγράφθαι,
1595 808 1801 868 'inpono

320 875 577 928 παρέξομαι,
615 873 667 916 τά
693 890 739 916 τε
783 875 960 930 πρότερα
984 872 1038 924 ὥς
1072 873 1168 930 περὶ
1198 875 1302 927 ἐμοῦ
1323 872 1465 928 εἴησαν
1482 866 1747 929 γεγραμμένα

321 939 539 992 βεβαιοῦν,
569 938 640 982 καί
663 937 732 981 τὸν
757 937 859 995 πρὸς
882 941 955 992 ἐμὲ
979 938 1157 991 πόλεμον
1177 938 1378 994 κηρύττον
1401 939 1617 994 ἐμφανῶς,
1631 950 1748 994 «γρα-

323 1004 400 1058 φὲν
429 999 659 1061 Ὀκτωβρίῳ
682 1006 754 1059 τῆς
787 1000 1002 1059 ἑνδεκάτης
1030 1005 1303 1053 ι’νὸικτιῶνος·
1340 1001 1621 1059 „memb-Qu
1638 1002 1748 1064 ο(ἶνις--

320 1067 395 1120 ψιὲ
419 1068 492 1121 τῆς
513 1070 726 1119 βασιλείας
749 1083 832 1120 μου
865 1069 1215 1124 πρωτοβεστιάριε
1243 1067 1360 1122 κύριε
1388 1066 1629 1124 amodum
1645 1069 1749 1113 ,Πα-

322 1130 531 1185 λαιολόγε·
577 1130 621 1174 αἱ
651 1133 864 1189 ἀναφοραὶ
892 1133 1014 1187 ὑμῶν
1046 1132 1208 1176 πάντων
1237 1133 1646 1188 διεκομάϊθησαν,»δῖς
1670 1129 1804 1186 τῆνιᾶ

322 1196 536 1249 βασιλείαν
586 1212 667 1249 μου
708 1196 780 1239 καί
820 1195 1218 1253 ὖπανεγνώσθησαν,
1269 1200 1340 1240 καί
1383 1195 1749 1254 ὖπεραπεδεξᾶμην

322 1261 479 1309 πάντας
510 1260 620 1313 ὑμᾶς
655 1260 752 1317 περὶ
784 1261 945 1304 πάντων
978 1257 1036 1305 ὧν
1072 1259 1320 1319 ἀναφέρετε.
1367 1261 1648 1318 οἷπελογήσατθ
1679 1259 1752 1306 nat*

324 1324 548 1380 διωρίσατο
573 1328 644 1367 καί
672 1326 697 1381 ἦ
726 1326 917 1380 βασιλεία
941 1342 1024 1380 μου
1057 1326 1157 1370 κατὰ
1180 1328 1305 1383 μέρος
1335 1324 1437 1382 πρὸς
1463 1324 1620 1374 πάντας
1640 1321 1750 1378 ῧμᾶς

291 1388 428 1443 Βμετὰ
461 1392 534 1431 τοῦ
565 1393 784 1446 κατέργου,
826 1394 984 1444 μᾶλλον
1017 1394 1062 1434 δὲ
1091 1392 1197 1446 μετὰ
1234 1394 1308 1435 τοῦ
1340 1389 1622 1447 περιποθήτω
1656 1386 1749 1448 ἆνε-

320 1457 425 1508 ψιοῦ
452 1457 525 1510 τῆς
548 1455 760 1508 βασιλείας
778 1471 860 1510 μου
893 1458 970 1497 τοῦ
1002 1456 1153 1512 Ἀσάνη
1183 1455 1329 1513 κυρίου
1353 1454 1534 1511 Μιχαὴλ.
1557 1455 1630 1497 τοῦ
1652 1455 1806 1504 ἐξα-20

322 1521 479 1575 ὃελφοῦ
501 1534 575 1561 σου
594 1536 605 1547 ·
632 1518 704 1562 καὶ
727 1522 770 1570 ε”ξ
794 1520 949 1563 ἐκείνου
972 1522 1138 1574 μέλλετε
1157 1520 1372 1577 γνωρίσειν
1391 1517 1452 1568 εἷς
1474 1520 1644 1567 ἕκαστος
1666 1517 1749 1574 ἀφ’
1850 1525 1852 1527 ’

421 1610 448 1631 ι.
474 1598 704 1644 Quamquam
726 1599 824 1632 istud
853 1596 896 1636 ἂς
922 1599 969 1632 sit
994 1600 1179 1639 Graecum,
1203 1600 1234 1632 si
1258 1599 1364 1632 modo
1390 1595 1748 1643 integer-Hesychius,

415 1644 534 1689 sitque
553 1643 641 1677 haec
666 1645 838 1688 particula
863 1646 902 1679 in
920 1646 1053 1678 Graeco
1078 1647 1232 1690 vulgari3
1257 1645 1311 1677 nil
1333 1650 1453 1677 tamen
1469 1643 1600 1688 integri
1624 1646 1748 1676 sensus

413 1690 509 1723 facit.
538 1690 714 1733 Interpres
734 1696 852 1723 autem
883 1692 1010 1735 legisse
1034 1690 1176 1724 videtur
1203 1691 1267 1729 καὶ
1290 1692 1353 1723 σοὶ
1372 1689 1540 1734 γνωρίζω
1551 1685 1644 1721 κατὰ
1668 1688 1748 1721 πᾶ-

415 1743 487 1769 σαν
513 1741 577 1769 etc.
603 1737 684 1772 ED.
694 1737 730 1769 P.
858 1749 890 1780 9.
916 1738 1007 1769 Ante
1032 1734 1096 1771 διὰ
1124 1738 1258 1770 excidit
1280 1733 1346 1782 μὴ.
1460 1747 1511 1779 ¹9·
1536 1736 1646 1780 Intpr.
1674 1735 1749 1769 Ca·-

410 1783 575 1828 lergum,·
602 1782 829 1826 Calergorum
855 1783 989 1815 familia
1015 1782 1191 1819 Cretensis
1218 1783 1298 1816 fuit.
1323 1782 1402 1816 ED.
1427 1782 1463 1814 P.
1490 1782 1600 1817 Unice
1624 1790 1748 1814 verum

357 1834 359 1836 '
415 1833 480 1868 est,
497 1828 594 1874 quod
611 1829 759 1871 praebet
772 1841 832 1863 ms.
845 1831 879 1863 P.
895 1831 1086 1872 κατέργου,
1100 1829 1161 1863 sed
1175 1831 1225 1863 ita
1245 1827 1492 1872 accipiendum
1505 1852 1515 1868 ,
1537 1832 1579 1860 ut
1593 1827 1749 1860 triremis

413 1872 459 1918 (v.
483 1875 640 1918 Ducang,
666 1874 776 1909 Gloss.
793 1876 851 1909 Gr.
871 1887 897 1911 s.
916 1875 964 1920 v.)
988 1874 1056 1907 hoc
1080 1876 1224 1909 nomine
1247 1874 1476 1919 significetur,
1504 1884 1577 1905 non
1599 1872 1748 1918 legatus,

416 1920 514 1965 quod
532 1931 718 1965 perperam
740 1921 811 1955 ED.
838 1923 871 1955 P.
897 1922 1124 1955 existimavit.
1214 1920 1360 1967 μᾶλλον
1381 1916 1425 1961 δὴ
1455 1918 1650 1964 legebatur.

324 1992 399 2027 tur,
426 1988 497 2020 nisi
525 1999 544 2021 e
571 1988 664 2021 fama
686 1992 834 2021 tantum.
883 1989 928 2021 Et
958 1988 1028 2022 tihi
1055 2000 1160 2034 quam
1186 1988 1394 2021 brevissime
1417 1986 1639 2029 indicamus,
1668 1997 1751 2028 nos,

325 2038 367 2065 ut
392 2045 495 2077 supra
525 2034 699 2073 diximus,
723 2045 797 2066 non
821 2034 931 2074 aliud,
965 2046 1070 2080 quam
1103 2036 1240 2079 signum
1267 2046 1287 2067 a
1318 2033 1419 2066 vobis
1443 2037 1656 2076 exspectare.
1703 2033 1752 2066 Et·

325 2079 472 2113 Cocalas
496 2079 555 2112 hic
578 2081 850 2123 protovestiario
878 2091 1006 2124 genero
1032 2091 1095 2113 suo
1119 2081 1288 2121 scribens,
1317 2090 1398 2112 eum
1421 2077 1466 2112 (le
1490 2089 1615 2123 magna
1633 2090 1678 2112 ne
1718 2079 1748 2104 '-

326 2126 447 2168 gentia
471 2131 508 2158 et
530 2126 659 2158 inertia
683 2131 846 2166 accusat,
882 2126 999 2170 deque
1022 2127 1204 2170 promissis
1229 2137 1302 2159 non
1327 2127 1474 2159 servatis
1498 2123 1673 2168 reprehen
1701 2124 1748 2166 it;

325 2170 447 2216 aitque
471 2172 720 2214 imperatorem
744 2183 787 2204 ex
811 2183 852 2204 eo
878 2173 1058 2205 tristitiam
1082 2173 1239 2216 cepisse,
1264 2177 1300 2205 et
1330 2183 1367 2205 se
1395 2170 1624 2210 erubescere,
1661 2171 1748 2216 quia

324 2217 509 2260 pollicitus
535 2217 599 2256 sit,
625 2218 741 2260 ipsum
765 2229 871 2263 quam
897 2217 1156 2251 studiosissime
1181 2219 1436 2263 celerrimeque
1465 2217 1635 2260 promissa
1660 2227 1749 2249 con-

326 2262 513 2298 fecturum.
559 2262 613 2295 Ne
646 2268 764 2295 autem
793 2275 884 2309 quae
908 2265 1076 2296 recitatae
1105 2270 1188 2297 sunt
1212 2265 1380 2304 litterae,
1415 2262 1500 2307 quia
1524 2262 1749 2297 obscuriores

327 2314 431 2348 sunt,
465 2309 509 2341 ad
532 2309 619 2341 alios
645 2309 815 2353 quosdam
841 2310 1020 2353 pertinere
1049 2310 1239 2343 videantur
1254 2335 1263 2350 ‚
1294 2309 1382 2342 alias
1407 2307 1568 2347 afferam,
1591 2307 1686 2341 unde
1711 2311 1750 2342 eh

327 2355 526 2397 superiores
551 2355 631 2387 illas
657 2355 701 2387 de
728 2366 783 2387 me
810 2357 1045 2400 conscriptas,
1092 2362 1128 2389 et
1152 2356 1288 2388 bellum
1313 2360 1434 2388 contra
1457 2365 1513 2386 me
1541 2353 1748 2430 promulga-

325 2403 404 2431 tum
428 2400 537 2433 fuisse
563 2400 751 2433 constabit.
798 2402 912 2434 Datae
939 2407 1021 2434 sunt
1044 2413 1164 2434 mense
1191 2401 1364 2440 Octobri,
1402 2399 1602 2433 Indictione
1627 2410 1675 2432 un
1726 2417 1746 2423 -

328 2445 419 2478 cima
441 2460 448 2479 :
472 2446 784 2479 Desideratissime
809 2447 989 2479 maiestati
1012 2452 1175 2487 nostrae,
1200 2447 1250 2479 mi
1275 2457 1409 2489 nepos,
1436 2444 1580 2478 domine
1604 2443 1740 2479 Andro·

328 2491 408 2523 uice
431 2492 639 2536 Palaeologe
670 2493 965 2535 protovestiarie3
1014 2493 1204 2526 relationes
1241 2493 1402 2525 omniurn
1430 2496 1587 2524 vestrum
1612 2489 1657 2524 ad
1682 2501 1747 2526 nos

327 2537 484 2580 perlatae
510 2544 594 2570 sunt
614 2548 653 2569 ac
675 2539 874 2581 perlectae,
909 2540 1217 2583 gratissimumque
1243 2538 1347 2570 nobis
1372 2537 1505 2570 factum
1532 2540 1586 2569 est
1616 2547 1636 2569 a
1672 2536 1748 2569 sin·-

329 2582 419 2626 gulis
443 2583 637 2616 secuudum
662 2585 781 2616 omnia
797 2609 805 2624 ‚
829 2595 918 2628 quac
943 2585 1126 2617 retulistis.
1175 2585 1353 2627 Responsa
1381 2587 1418 2615 et
1440 2581 1607 2617 mandata
1628 2587 1749 2615 nostra

330 2630 517 2672 separatim
542 2628 706 2662 omnibus
730 2630 886 2673 perferet
908 2631 1081 2670 triremis,
1105 2641 1167 2662 seu
1191 2630 1310 2673 potius
1336 2628 1595 2663 amantissimus
1619 2638 1749 2672 cogna-

330 2679 387 2707 tus
409 2680 532 2708 noster
557 2675 720 2708 dominus
745 2674 901 2710 Michael
923 2676 1078 2717 Asancs,
1102 2675 1336 2711 consobrinus
1360 2679 1453 2707 tuus.
1501 2674 1554 2711 Ex
1580 2684 1622 2706 eo
1649 2673 1748 2718 quis-2
