1852 3146
402 93 510 167 274
871 104 874 106 ’
928 104 1292 149 CANTAcUzEm

198 209 521 264 A.C.·1328750'9⁸v
547 205 866 262 περικλυζεσθαι
891 205 940 261 τῇ
967 202 1112 261 λίμνῃ,
1154 201 1175 245 ὅ
1201 205 1277 246 τοῦ
1301 199 1804 259 πρωτοβεστιαριῇυζγαμ.

383 272 481 330 βρὸς
509 271 531 313 ὅ
575 266 772 324 ’Ἀγγελος
799 265 947 324 ἄρχει,
983 264 1030 318 ὃς
1054 267 1165 322 ἐμοί
1194 284 1239 310 τε
1280 267 1445 322 ἔγγιστα
1471 263 1802 323 προσήκειραατά

387 339 505 392 γένος
532 333 603 377 καὶ
627 333 780 389 πολλὴν
807 335 902 387 ἐμοὶ
926 331 1000 388 τὴν
1027 327 1189 375 εὔνοιαν
1224 333 1295 374 καί
1318 330 1393 387 τὴν
1419 330 1669 373 εὐπείθειαν-
1685 325 1802 387 ὄφεί-

386 405 461 453 λει,
487 400 783 455 ἑκθρεψαμένῳ
819 413 862 439 τε
902 395 1032 439 αὐτὸν
1070 395 1142 437 καὶ
1172 395 1223 438 τὰ
1251 396 1426 448 πολέμια
1455 392 1694 450 διδάξαντι·
1729 395 1803 436 καὶ

387 463 456 506 διὰ
484 462 559 519 τὴν
583 461 684 518 πρὸς
710 464 784 517 ἐμὲ
813 463 955 518 φιλίαν
990 460 1124 518 ῥᾷστα
1150 457 1518 516 πρωτοβεστιάριον
1545 456 1596 502 ἂν
1622 454 1826 514 πρόηται5

384 528 454 572 τὸν
475 526 681 583 κηδεστήν,
704 526 775 569 καί
794 527 893 582 ἡμῖν
907 526 979 582 τὴν
992 524 1111 568 πόλιν
1133 526 1350 581 παραδοίη.
1377 525 1510 566 ταῦτα
1535 525 1582 567 ’δὲ
1605 521 1706 580 ἧμῖν
1725 539 1800 564 κα-

385 596 609 649 τασχοῦσιν
621 626 633 646 ,
671 588 906 647 αὖτόκλητοι
933 590 1302 647 προσχωρήσουσιν
1330 588 1370 631 οῖ
1394 588 1666 646 Βεᾷῥοιοὶῖται·
1691 587 1800 630 δοκῶ

263 671 300 706 Ρ.
317 670 383 711 169
390 675 462 713 μοι
491 659 536 700 δὲ
549 692 561 711 ,
591 655 745 706 αὐτούς
771 655 842 698 καὶ
866 658 961 712 πρίν
986 656 1118 697 ταῦτα
1141 656 1199 703 εἰς
1214 655 1341 710 πέρας
1362 649 1475 709 ἥκειν
1502 653 1562 703 εἷς
1580 651 1656 709 τὴν
1680 651 1801 695 ὕστε-

389 723 511 779 ραίαν
535 719 565 777 ἢ
589 723 660 763 καί
683 722 824 777 τρίτην
859 718 1017 776 ἡμέραν
1043 714 1093 761 ἂν
1118 719 1254 760 ἐλθεῖν
1282 718 1598 773 παραδώσοντας
1628 715 1705 772 τὴν
1724 716 1801 758 πό-

385 791 488 830 λιν.”
512 787 684 828 τοιαῦτα
720 787 797 826 τοῦ
826 782 1007 839 μεγάλου
1046 784 1286 836 δομεστίκου
1315 781 1667 836 βουλευσαμένου,
1699 776 1736 832 ὅ,
1753 792 1852 822 τειο

384 850 580 907 βασιλεύς
601 853 796 893 συνέθετο
823 846 968 902 εὐθὺς,
991 850 1062 890 καί
1085 847 1123 889 οἱ
1144 844 1260 889 ἄλλοι
1281 846 1658 902 συνεπεψηφίζοντο
1680 847 1801 894 ἐπαι-

385 918 576 964 νέσαντες
602 914 676 969 τήν
703 913 859 969 βουλήν
873 947 885 966 ,
914 912 984 955 καί
1009 913 1233 969 ἐκεκύρωτο
1266 910 1339 966 τὴν
1371 912 1442 953 ἐπὶ
1458 905 1655 953 Ἔδεσσαν
1678 910 1799 952 ἰέναι.

387 978 535 1022 αὐτίκα
554 995 595 1022 τε
620 979 911 1035 προστάγματα
931 979 1134 1031 βασιλέως
1153 979 1224 1019 καί
1250 979 1326 1018 τοῦ
1352 974 1534 1030 μεγάλου
1556 972 1798 1029 δομεστίκου

385 1044 608 1100 γράμματα
655 1042 724 1085 διοὶ
755 1044 1031 1099 ταχυδρόμων
1064 1041 1219 1085 ἱππέων
1249 1040 1350 1098 πρός
1379 1057 1423 1083 τε
1439 1036 1637 1083 Ἔδεσσαν
1672 1041 1798 1092 ἐπέμ-

386 1113 552 1165 φθησαν
568 1100 637 1150 καί
648 1107 901 1164 Καστορίαν.
926 1107 998 1149 καί
1025 1102 1220 1162 ’Ἄγγελος
1236 1109 1313 1160 μὲν
1336 1106 1360 1147 ὅ
1382 1106 1624 1161 Καστοριῖις
1635 1102 1850 1159 ἐπίτρο-ιό

385 1190 458 1224 πος
477 1172 606 1222 εὐθὺς
634 1172 708 1229 τὴν
731 1173 847 1215 πόλιν
869 1171 956 1226 εἶχε
990 1171 1058 1214 διὰ
1090 1173 1302 1228 φρουρᾶς,
1344 1171 1400 1220 ὥς
1429 1173 1597 1225 βασιλεῖ
1613 1167 1670 1228 τῷ
1702 1169 1798 1227 νέῳ,

351 1234 488 1285 Βὸταν
517 1237 742 1295 ἀφίκηται,
770 1237 1042 1295 παραδώσων.
1070 1238 1109 1279 οἱ
1136 1239 1175 1278 δ’
1198 1239 1242 1279 ἐν
1267 1238 1434 1294 Ἐδέσσῃ
1465 1234 1656 1288 δυνατοὶ,
1691 1235 1735 1277 οἳ
1753 1248 1798 1276 τε

372 1299 574 1358 κΑγγελοι·
616 1303 844 1359 Ραδίποροι
878 1303 1203 1357 ἐπικεκλημένοι,
1236 1306 1346 1358 τρεῖς
1375 1296 1488 1351 ὄντες
1513 1297 1699 1356 ἀδελφοὶ,
1726 1301 1799 1341 καί

385 1368 408 1408 ὅ
441 1369 666 1424 Λάσκαρις,
695 1370 785 1410 ἐπεὶ
813 1367 864 1410 τὰ
886 1366 1179 1424 προστάγματα
1211 1368 1395 1418 ἐδέξαντο
1419 1363 1643 1419 βασιλέως,
1668 1365 1797 1419 μηδε-

382 1433 484 1485 μίαν
506 1433 770 1487 ποιησάμενοι
796 1430 1018 1487 οἷναβολὴν,
1046 1433 1138 1474 ἐπεὶ
1170 1431 1242 1473 καί
1266 1431 1288 1472 ὅ
1310 1432 1437 1486 δῆμος
1454 1426 1704 1485 Ἐδεσσηνῶν
1722 1430 1848 1482 τῆςαο

384 1493 521 1538 αὐτῶν
556 1495 747 1552 ἐξήρτητο
781 1495 964 1551 γνώμης,
992 1495 1065 1551 τήν
1099 1511 1142 1538 τε
1173 1493 1419 1550 βασίλισσαν
1447 1492 1795 1549 τῆν’Δημητρίου

382 1561 457 1602 τοῦ
484 1559 681 1602 δεσπότου
703 1558 884 1615 γαμετήν
919 1559 990 1601 καί
1019 1559 1095 1614 τὴν
1126 1559 1312 1614 ἐπάρχου
1335 1559 1410 1600 τοῦ
1430 1559 1691 1611 Μονομάχου
1726 1556 1798 1598 καί

367 1623 455 1679 ’τὴν
470 1622 625 1665 Ἵ-ἀοὐλ
648 1626 902 1680 περιώρισαν
929 1626 973 1667 ἒν
995 1623 1156 1676 οἰκίαις,
1180 1626 1252 1666 καί
1271 1621 1500 1679 ἐφύλαττον
1523 1620 1795 1678 περιστήσαν-

381 1703 448 1736 τες
468 1686 668 1743 φρουράν.
695 1687 800 1740 μετα
823 1686 972 1744 μικρὸν
1004 1690 1049 1730 δὲ
1073 1687 1112 1730 οἱ
1137 1683 1281 1743 ἄνδρες
1305 1683 1442 1728 αὐτῶν
1473 1685 1679 1738 ἐλθόντες,
1705 1683 1798 1727 ἐπεὶ

379 1747 565 1807 εὕρισκον
597 1751 858 1808 Ἐδεσσηνούς
889 1768 935 1793 τε
969 1749 1110 1794 αὖτῶν
1142 1750 1423 1806 ἀφεστηκότας
1454 1749 1529 1791 καὶ
1558 1748 1846 1807 εῖρχθείσαςαό

469 1850 524 1895 95,
540 1849 756 1896 εἷρχθείσας
775 1861 863 1883 corr.
886 1847 936 1881 N.·
950 1860 1015 1894 pro
1043 1848 1222 1894 ἤχθείσας
1242 1847 1409 1893 idemque
1433 1846 1522 1893 legit
1544 1847 1654 1894 Intpr.

379 1927 507 1968 lacum,
533 1940 603 1974 quo
623 1930 787 1973 cingitur,
809 1929 1105 1968 munitissimam,
1130 1926 1282 1972 Angelus
1307 1926 1571 1972 protovestiarii
1582 1934 1792 1971 genet-‘pro-

379 1979 496 2016 curat3
522 1975 584 2020 qui
615 1974 703 2007 mihi
733 1980 769 2008 et
797 1976 1005 2019 cognatione
1033 1974 1353 2019 propinquissimus
1384 1978 1453 2013 est,
1481 1977 1517 2006 et
1546 1978 1588 2006 ut
1607 1971 1791 2006 educatori

379 2029 421 2051 ac
442 2021 608 2064 magistro
642 2032 704 2053 suo
731 2021 769 2053 in
787 2032 825 2053 re
851 2021 980 2053 bellica
1004 2021 1151 2064 gratiam
1180 2019 1495 2064 obedientiamque
1514 2029 1588 2052 non
1613 2018 1791 2063 vulgarem

380 2064 506 2098 dehet:
539 2077 579 2098 ac
605 2071 751 2110 propter
778 2066 1077 2099 necessitudinem
1104 2071 1263 2099 mutuam
1313 2064 1599 2098 rotovestiarium
1629 2064 1789 2108 quamvis

380 2121 539 2143 socerum
559 2111 728 2144 facillime
750 2111 926 2151 deserens,
954 2111 1056 2144 nobis
1084 2111 1256 2156 oppidum
1302 2110 1393 2144 edet.
1441 2110 1529 2144 Cum
1551 2110 1620 2143 ista
1641 2109 1790 2143 obtinuJ-

379 2156 523 2198 erimus,
548 2157 773 2190 Berrhoeitae
793 2158 886 2191 ultro
909 2168 945 2190 se
963 2157 1113 2191 dedent:
1138 2169 1225 2202 quos
1245 2158 1363 2197 etiam,
1381 2156 1586 2201 priusquam
1605 2154 1694 2189 haee
1704 2166 1789 2200 per-

378 2207 544 2245 agantur,
569 2214 641 2235 cras
672 2208 733 2236 aut
761 2203 930 2246 perendie
962 2203 1086 2236 urbem
1108 2215 1205 2236 suam
1229 2203 1398 2236 traditum
1418 2208 1584 2235 venturos
1611 2203 1788 2236 existimo.

378 2246 471 2279 Huic
494 2248 641 2281 consilio
667 2248 876 2293 subscripsit
900 2249 1018 2281 statim
1034 2250 1236 2294 imperator,
1257 2249 1405 2293 aliique-
1419 2247 1458 2281 id
1472 2249 1588 2291 ipsum
1603 2247 1789 2281 laudantes

378 2293 626 2337 approbarunt.
674 2295 817 2339 Iamque
838 2296 945 2327 fixum
967 2306 1006 2327 ac
1032 2301 1145 2328 ratum
1168 2299 1243 2327 erat
1267 2294 1432 2327 Edessam
1486 2298 1610 2334 etere,
1627 2299 1664 2326 et
1688 2293 1787 2325 illico

375 2343 449 2370 tam
470 2338 580 2382 ipsius
601 2340 821 2384 imperatoris
839 2340 1023 2380 mandata,
1056 2351 1160 2385 quam
1185 2340 1301 2384 magni
1332 2340 1451 2372 domes
1471 2340 1518 2372 ici
1545 2339 1688 2372 litterae
1722 2349 1788 2382 per

377 2384 600 2417 citatissimos
625 2386 762 2430 equites
785 2397 826 2419 eo
850 2392 886 2419 et
907 2386 1011 2419 simul
1031 2386 1225 2419 castoriam
1243 2385 1485 2418 mittebantur.
1530 2384 1648 2428 Atque
1667 2384 1786 2428 Ange»-

376 2430 431 2462 lus
457 2430 602 2475 quidem
627 2431 807 2465 Castoriae
834 2425 1031 2476 praefectus
1054 2443 1136 2465 mox
1161 2431 1242 2464 urbi
1265 2430 1427 2464 custodes
1451 2429 1638 2463 adhibuit:
1661 2434 1788 2474 utpote

374 2475 579 2519 imperatori
617 2477 822 2511 adventanti
848 2477 1069 2511 deditionem
1102 2478 1265 2510 facturus.
1337 2476 1411 2521 Qui
1443 2475 1593 2509 Edessae
1626 2476 1787 2521 potentia

373 2521 600 2561 eminebant,
624 2522 750 2567 Angeli
777 2523 969 2567 Rhadipori
1003 2524 1261 2568 cognominati,
1286 2522 1410 2555 fratres
1434 2521 1635 2566 trigemini,
1659 2526 1696 2554 et
1715 2521 1804 2554 La-·

372 2567 496 2607 scaris,
523 2569 675 2611 acceptis
710 2569 905 2608 mandatis,
937 2570 1024 2602 citra
1049 2569 1420 2613 procrastinationem,
1445 2567 1542 2612 quod
1575 2573 1612 2601 et
1634 2567 1788 2612 populus

371 2611 568 2646 Edessenus
599 2613 642 2647 ab
681 2625 802 2647 eorum
839 2620 928 2647 nutu
962 2614 1241 2659 auctoritateque
1273 2613 1475 2658 pendebat,
1518 2624 1646 2647 uxores
1678 2612 1788 2646 trium

373 2668 506 2701 eorum,
530 2670 618 2706 quos
641 2670 746 2707 supra
767 2660 1046 2702 nominavimus,
1069 2661 1224 2706 ipsarum
1256 2659 1404 2695 aedibus
1439 2659 1787 2705 circumscripserunt
1808 2704 1814 2713 ,
