1852 3146
343 140 455 207 244
864 148 1239 197 cmAcuzm

148 266 228 302 Ac.
247 266 330 312 1327
341 258 543 312 πόλεμον,
583 251 777 298 ἐπίπονον
806 246 882 309 ἦν,
926 251 1069 295 adnant
1093 252 1235 296 δίκαια
1270 254 1403 308 λέγειν
1442 253 1771 311 ἷσχυριζομένων

290 324 407 368 Daton*
425 323 554 377 μέχρι
580 318 735 368 παντὸς
759 320 966 369 ἐπεξιέναι
987 315 1088 367 τούς
1119 319 1403 371 πολεμοῦντας
1428 311 1655 369 ἀξιούντων
1695 332 1772 360 πο-

335 389 462 439 λέμου
483 384 619 443 νόμῳ,
660 381 722 436 τό,
742 400 789 426 τε
814 381 997 426 ἀκόντων
1017 381 1159 425 αὐτῶν
1179 397 1222 424 τι
1247 388 1396 435 ποιεῖν,
1425 379 1504 424 οὔκ
1524 379 1643 432 ἀδεές
1657 412 1669 424 .
1699 399 1772 439 φι-

331 449 402 510 λίᾳ
427 449 509 506 γὰρ
531 445 890 505 ξυστρατευόντων
916 448 999 490 τῶν
1025 443 1224 489 πλειόνων
1251 445 1324 488 καί
1347 440 1484 488 ἐλπίδι
1511 449 1589 490 τοῦ
1615 442 1772 504 ἄρξαν-

331 533 383 558 τα
413 513 751 570 ἆντευποιήσειν,
776 515 837 555 “εἷ
862 511 921 569 μὴ
950 510 1101 569 γνώμῃ
1121 510 1261 554 αὖτῶν
1289 509 1510 567 ἐπράττετο
1534 509 1685 568 τὰτῆς
1713 513 1798 560 εἶ-5

270 615 274 617 ,
331 580 483 636 ρήνης,
529 576 635 628 εἰκὸς
670 574 724 633 ἧν
761 573 916 626 αὐτούς
951 575 1308 632 περικακήσαντας
1343 580 1497 631 χωρεῖν
1534 573 1637 632 πρὸς
1658 574 1771 631 η’τούς

333 643 559 697 ἐναντίους,
587 641 687 700 ὅπερ
713 638 940 691 οἷκινδύνως
966 638 1038 683 οὖκ
1065 637 1118 683 ἂν
1142 638 1362 697 ἐπράττετο
1385 640 1494 693 ἐμοί.
1519 638 1598 695 ἐγὼ
1625 641 1672 683 δὲ
1693 642 1773 683 τοῦ·

331 707 384 751 τοὶ
413 707 518 765 φίλα
545 711 663 751 ἕνεκα
692 709 885 765 πράττειν
911 706 981 749 σοὶ
1005 706 1103 754 τούς
1127 721 1172 748 τε
1196 704 1348 754 πόνους
1374 701 1619 761 ὖφιστάμην
1645 704 1691 748 ἐν
1715 707 1772 761 τῷ

331 773 505 827 πείθειν,
532 769 623 823 ἑνός
649 789 762 822 τινος
789 769 817 828 ἢ
845 771 917 814 καί
942 769 1019 813 δύο
1045 771 1372 826 συναιρομένων,
1399 770 1470 811 καί
1493 770 1575 812 τῶν
1602 766 1772 826 ὖφορωὴ-

331 839 468 891 μένων
485 839 686 881 κινδύνων
706 836 1011 893 κατεφρόνουν,
1040 835 1232 889 νομίζων,
1261 830 1313 877 ἂν
1339 830 1481 883 αὗτοΐς
1507 831 1642 890 ἔργοις
1666 831 1824 878 οἷπο-ιο

333 905 491 957 δειχθῶ
529 898 675 953 εἷῖνους
707 906 750 952 ἐς
785 900 837 944 τοὶ
874 900 1060 956 μάλιστά
1099 916 1168 942 σοι
1194 899 1267 942 καὶ
1301 901 1346 941 ἐν
1373 897 1460 948 τοῖς
1486 899 1773 954 κατεπείγουσι

331 973 491 1024 καιροῖς
519 965 568 1010 οὗ
597 967 825 1022 πολεμίως,
857 964 964 1009 ἄλλα
994 965 1141 1023 φιλίως
1168 967 1451 1018 διακειζιιενος,
1478 960 1695 1020 θαρῥῆσαι
1721 960 1774 1006 ἂν

210 1036 244 1072 Ρ.
258 1032 432 1086 151Ἶέμοὶ
465 1033 540 1075 καὶ
572 1031 644 1088 τὴν
679 1032 838 1088 ἔχθραν
880 1033 1141 1074 καταλῦσαι.
1194 1027 1241 1073 τό
1277 1031 1317 1071 δ’
1349 1029 1543 1082 ἐναντίως
1569 1027 1669 1084 ἔχον
1699 1030 1774 1072 νῦν

328 1092 358 1152 ἢ
380 1097 642 1154 προσεδόκων
684 1096 814 1147 αὖτὸς
841 1096 1015 1153 δρᾶται.
1053 1097 1190 1139 πάντα
1217 1094 1295 1151 γὰρ
1320 1096 1456 1137 ἐκεῖνα
1502 1093 1575 1136 καί
1585 1127 1598 1147 ,
1625 1091 1674 1136 τό
1696 1096 1774 1147 μέ-

328 1178 494 1216 γιστον,
544 1159 678 1218 αὗτῆν
711 1159 911 1218 ἀλήθειαν
948 1163 1122 1215 θέμενος
1159 1163 1205 1203 ἐν
1240 1159 1400 1212 οὖδενί,
1456 1157 1694 1216 ἀνθρώποις
1725 1160 1826 1205 δὲιό

334 1226 583 1283 διεφθορόσι
603 1226 676 1269 καὶ
697 1228 968 1282 ψευδομένοις
986 1228 1058 1268 καί
1084 1227 1215 1281 μηδὲν
1242 1227 1286 1276 ἐξ
1314 1220 1373 1267 ὧν
1394 1221 1445 1267 ἂν
1464 1221 1514 1266 τοὶ
1539 1222 1656 1275 κοινᾷ
1678 1225 1775 1279 βέλ-

213 1297 327 1333 Vani
341 1307 430 1333 τιον
458 1293 603 1348 σχοίη,
631 1293 723 1343 ἀλλ’
749 1295 793 1344 ἐξ
824 1288 884 1334 ὦν
916 1288 969 1334 ἒέν
1015 1292 1103 1348 ἰδίᾳ
1135 1306 1178 1333 τι
1212 1291 1464 1347 ὦφεληθεῖεν
1496 1286 1640 1343 advoc,
1678 1304 1775 1331 σκο-

330 1356 459 1398 ποῦσι
481 1359 689 1410 πεισθεὶς,
730 1359 843 1400 εἵλου
869 1358 1030 1410 μᾶλλον
1051 1359 1243 1409 πολεμεῖν
1274 1354 1389 1409 ἐμοί·
1428 1353 1508 1410 ἐγώ
1549 1355 1596 1397 δὲ
1637 1352 1775 1396 καίτοι

331 1420 492 1470 δίκαιος
530 1417 590 1464 ὢν
633 1418 700 1465 οἷα
747 1420 1192 1477 προεπιβουλευόμενος
1236 1419 1309 1461 καὶ
1346 1418 1773 1475 παρασπονδούμενος,

330 1483 598 1542 ἑτοιμότερον
619 1486 724 1542 πρὸς
749 1484 820 1528 τὸν
839 1485 1018 1538 πόλεμον
1040 1491 1219 1540 χωρεῖν,
1248 1485 1367 1526 αἷδοῖ
1391 1500 1434 1526 τε
1450 1486 1499 1541 τῇ
1517 1483 1619 1540 περί
1631 1499 1678 1526 σε
1699 1483 1824 1528 καὶ20

329 1548 448 1607 πόθῳ
471 1550 632 1608 ἇσχέτῳ
664 1553 722 1607 τῷ
752 1549 855 1607 πρὸς
886 1549 962 1604 τήν
988 1549 1153 1604 εἰρήνην
1180 1548 1316 1606 τρίτον
1338 1544 1417 1604 ἤδη
1450 1551 1562 1604 μῆνα
1584 1549 1773 1605 κάθημαι

330 1615 503 1656 ἐνταῦθ’
536 1615 727 1656 ἱκετεύων
759 1614 833 1656 καί
871 1613 1204 1670 παραιτούμενος
1234 1612 1309 1668 τὴν
1340 1612 1416 1668 σὴν
1443 1611 1582 1670 ὄργήν.
1609 1615 1703 1656 νυνί
1724 1615 1771 1656 δὲ

331 1680 415 1721 τῶν
439 1677 521 1719 ὖπό
543 1693 620 1720 σου
646 1679 876 1734 ἀρχιερέων
897 1678 1070 1720 καὶτῶν
1101 1673 1238 1720 ἄλλων
1266 1674 1539 1732 συγκλητικῶν
1563 1677 1771 1720 α’πεσταλ-

293 1745 469 1797 Βμένων
496 1743 569 1784 ἒπί
593 1740 642 1784 τὸ
673 1743 726 1784 τὰ
752 1741 984 1798 ἐγκλήματα
1013 1740 1065 1783 τὰ
1092 1739 1175 1795 ἐμοὶ
1197 1740 1387 1792 ἐξετάσαι
1415 1739 1596 1797 ἡκόντων
1606 1762 1625 1795 ,’
1647 1739 1770 1793 αὖτὸς

330 1808 409 1861 μὲν
441 1808 594 1862 πολλῆς
621 1809 879 1863 ἐνεπλήσθην
914 1807 1068 1863 ἡδονῆς
1077 1839 1092 1860 ,
1133 1806 1192 1857 ὥς
1215 1803 1361 1863 καιρόν
1386 1805 1608 1862 ἀπολογίας
1639 1807 1821 1865 εὕρῃ-25

327 1907 408 1954 ⁴illis
438 1909 624 1954 quippiam
655 1907 771 1942 facere
796 1912 895 1941 metu
917 1917 992 1941 non
1012 1905 1172 1950 vacabat.
1220 1906 1274 1940 Ex
1304 1906 1462 1941 amicitia
1488 1908 1622 1942 etenim
1648 1907 1766 1954 pluri-

333 1955 402 1988 bus
429 1955 520 1989 mihi
549 1954 790 1988 militantibus
817 1959 853 1987 et
875 1964 957 1997 spe,
981 1954 1183 1998 principem
1207 1952 1385 1986 beneficio
1413 1964 1686 1998 responsurum,
1713 1955 1764 1995 si,

333 2001 633 2047 quemadmodum
655 2001 724 2045 ipsi
744 2000 924 2040 volebant,
944 2011 1013 2044 pax
1036 2000 1130 2032 facta
1152 2010 1226 2032 non
1248 2005 1352 2039 esset,
1378 2005 1760 2041 consentaneum-erat,

330 2058 391 2080 eos
413 2047 515 2080 malis
536 2047 703 2080 cedentes
726 2047 771 2079 ad
790 2045 1017 2099 adversarios·
1031 2057 1096 2089 pro
1117 2046 1222 2078 sociis
1247 2056 1464 2079 accessuros:
1489 2057 1582 2100 quae
1599 2057 1654 2079 res
1683 2046 1761 2080 dis-

330 2093 465 2126 crimen
495 2094 585 2125 mihi
609 2093 882 2137 periculumque
912 2092 1104 2125 attulisset.
1153 2092 1225 2136 Ego
1253 2101 1337 2124 vero
1367 2095 1410 2124 ut
1437 2091 1507 2125 tibi
1535 2092 1762 2138 gratificarer,

327 2137 547 2183 persuadere
563 2139 637 2171 illis
666 2139 785 2170 enisus
809 2149 906 2176 sum,
929 2149 1002 2171 uno
1031 2142 1093 2170 aut
1124 2136 1264 2170 duobus
1295 2137 1567 2180 adiuvantibus,
1602 2143 1638 2172 et
1670 2148 1763 2184 quae

330 2184 504 2217 timebam
527 2185 744 2228 contempsi3
779 2183 990 2224 arbitratus,
1020 2184 1050 2215 si
1075 2183 1181 2216 factis
1202 2183 1272 2216 tibi
1300 2194 1356 2217 me
1384 2183 1764 2218 benevolentissimum

325 2230 722 2274 ‘perturbatissimisque
747 2229 968 2273 temporibus
989 2240 1062 2262 non
1081 2227 1270 2269 hostilem,
1298 2229 1361 2263 sed
1383 2230 1534 2263 amicum
1555 2231 1594 2264 in
1623 2236 1660 2264 te
1683 2231 1765 2263 ani-

330 2286 428 2308 mum
448 2275 705 2315 ostendissem,
729 2275 908 2309 confidere
933 2286 1060 2319 posse,
1082 2275 1190 2307 etiam
1222 2274 1345 2308 odium
1377 2276 1415 2308 in
1443 2287 1500 2308 me
1526 2281 1629 2309 tuum
1663 2287 1766 2308 sana-

327 2325 459 2367 turum.
488 2321 596 2366 Quod
615 2332 712 2353 nunc
730 2332 850 2361 secus,
878 2332 986 2365 quam
1008 2320 1133 2360 rebar,
1157 2320 1263 2354 video
1287 2322 1457 2354 evenisse.
1497 2321 1626 2355 Omnia
1647 2322 1764 2367 siqui-

330 2367 412 2400 dem
435 2366 498 2400 illa
514 2391 524 2408 ,
550 2367 720 2413 quodque
743 2378 916 2399 summum
937 2372 1012 2406 est,
1040 2367 1227 2399 veritatem
1248 2368 1360 2410 ipsam
1385 2378 1450 2411 pro
1478 2366 1595 2400 nihilo
1618 2366 1764 2408 ducens,

331 2412 538 2446 hominibus
564 2417 682 2445 autem
707 2413 894 2456 perversis
926 2418 963 2444 et
990 2411 1303 2457 mendaciloquis,
1331 2424 1404 2445 non
1437 2413 1772 2457 reipublicaecmo-

331 2459 492 2492 lumenta
506 2483 516 2499 ,
540 2457 603 2491 sed
623 2469 685 2490 sua
710 2458 867 2503 ipsorum
885 2457 1094 2503 compendia
1109 2458 1328 2491 sectantibus
1351 2457 1456 2491 fidem
1478 2457 1636 2499 habens,
1665 2459 1762 2492 bello

332 2514 390 2538 me
410 2509 548 2538 tentare
563 2503 720 2537 voluisti.
747 2505 792 2537 At
811 2515 875 2548 ego
888 2529 898 2545 ,
918 2504 1074 2549 quamvis
1094 2505 1172 2536 iure
1193 2504 1348 2547 optimo,
1386 2509 1564 2549 tamquam
1586 2504 1684 2549 prior
1705 2506 1764 2537 in-

331 2550 435 2584 sidiis
463 2550 643 2596 appetitus
682 2555 930 2594 temeratoque
967 2549 1112 2582 foedere
1141 2549 1319 2590 violatus,
1359 2550 1558 2594 promptius
1589 2562 1629 2583 ac
1660 2552 1761 2594 prius

329 2596 429 2630 'arma
468 2605 648 2640 capessere
677 2601 856 2639 poteram,
896 2601 1014 2628 tamen
1036 2595 1175 2639 pudore
1211 2605 1292 2639 erga
1320 2599 1356 2627 te
1387 2600 1423 2627 et
1449 2597 1548 2639 pacis
1581 2595 1761 2630 desiderio

331 2641 538 2676 incredibili
559 2641 706 2674 tertium
735 2641 808 2673 iam
832 2651 991 2673 mensem
1020 2641 1080 2673 hic
1102 2645 1260 2680 contero,
1286 2641 1488 2684 supplicans
1506 2646 1542 2674 et
1555 2642 1643 2675 iram
1661 2647 1761 2675 tuam

331 2688 535 2733 deprecans.
581 2686 686 2720 Nunc
711 2697 789 2719 cum
809 2687 1012 2727 venissent,
1037 2697 1125 2730 quos
1155 2685 1201 2718 ad
1229 2686 1462 2719 exercendam
1492 2687 1537 2720 de
1562 2699 1619 2721 me
1648 2698 1761 2733 quae-

333 2735 486 2770 stionem
509 2732 655 2774 misisti,
680 2732 811 2777 gaudio
831 2732 978 2772 exsilui,
1012 2731 1110 2777 quod
1129 2736 1269 2777 tempus
1292 2732 1365 2766 mei
1385 2732 1606 2769 defendendi
1633 2739 1759 2768 nactus
