1832 3138
325 99 397 153 60
838 89 861 135 l
889 109 1254 154 mmmmm

130 230 169 265 Α,
183 229 220 263 c
238 230 316 264 132¹
332 211 458 263 αυθις
480 212 578 261 τούς
603 210 806 266 βασιλέως
832 214 1093 268 συναθροίσω
1131 227 1200 252 και
1226 225 1322 258 τους
1348 209 1494 263 ἐμούς·
1539 211 1601 260 εἰς
1624 201 1669 254 ἓν
1692 211 1744 266 δὲ.
1779 225 1782 230 ·

327 276 611 330 συνελθόντες,
649 292 718 318 και
743 275 814 318 τὸν
823 278 923 319 νέον
936 278 1111 330 βασιλέα
1137 273 1466 331 παραλαβόντες,
1501 270 1604 330 ὅπερ
1625 272 1743 329 οἶμαι
1788 319 1791 323 ,

321 343 593 398 δυνήσεσθαι,
627 340 731 397 πρὸς
752 339 823 384 τὸν
843 343 916 396 τῆς
935 343 1094 397 Σοφίας
1115 338 1430 392 απελευσόμεθα
1453 340 1530 382 τοῦ
1546 339 1650 382 θεοῦ
1667 339 1742 391 ςλό-
1790 351 1791 356 ’

322 424 396 463 γου
423 410 538 448 θεῖον
564 405 688 459 νεών,
741 404 818 461 τὴν
844 407 1050 461 σωτηρίαν
1090 403 1160 446 διὰ
1188 405 1262 458 τῆς
1289 399 1465 452 ἀσυλίας
1490 404 1563 459 τῆς
1589 398 1744 446 ἐκείνου

322 469 753 528 πραγματευσάμενοι,
806 466 896 511 εἶτα
928 467 1349 526 διαπρεσβευσάμενοι
1391 466 1497 524 πρὸς
1547 469 1744 522 βασιλέα,
1746 461 1793 512 5

326 537 554 590 ἀμνηστίαν
585 534 804 589 αἰτήσομεν
829 551 909 576 των
934 535 1241 589 τολμηθέντων·
1269 531 1342 575 τὸν
1369 533 1428 586 δὲ,
1457 532 1648 576 δείσαντα
1672 531 1747 588 τήν

326 600 485 653 στάσιν,
506 597 650 655 ὥσπερ
674 597 792 651 εἰκὸς,
822 597 929 656 ὅρκῳ
950 600 1021 640 καί
1037 602 1206 652 βασιλεῖ
1221 596 1294 638 καί
1309 594 1408 652 ἡμῖν
1427 598 1502 639 καὶ
1514 594 1589 652 τήν
1607 586 1748 653 οἷσφοῖ-
1787 642 1789 645 ⁴

324 670 440 707 λειαν
464 663 754 706 πιστώσασθαι
780 663 852 705 καί
872 665 948 719 τὴν
975 663 1201 718 ἀμνηστίαν
1222 663 1304 711 τῶν
1327 661 1629 717 εἰργασμένων.
1670 661 1747 703 τοῦ

324 731 417 772 νέου
447 730 493 771 δὲ
530 729 734 782 βασιλέως
761 724 1066 782 ἀπαλλαγέντος
1102 727 1180 768 τοῦ
1206 725 1473 782 περισχόντος
1507 726 1582 769 νῦν
1606 726 1748 778 ἐξαπί-

293 800 399 849 Ονης
422 792 625 846 κινδύνου,
653 791 738 835 τότ’
763 788 843 848 ἤδη
871 794 1215 847 βουλευσαμένοις
1242 788 1341 847 όπερ
1371 787 1424 834 ἂν
1449 793 1548 849 δοκῇ
1573 790 1746 845 βέλτιον,
1754 809 1800 836 10

325 862 488 910 ἐξέσται
509 857 703 915 πράττειν
728 860 817 900 κατ’
841 859 1044 909 ἐξουσίαν.
1098 854 1126 912 ἢ
1157 855 1237 912 γὰρ
1273 858 1319 899 ἐκ
1345 858 1421 913 τῆς
1446 856 1622 913 η’πείρου
1643 857 1746 910 μίαν

325 927 405 967 τῶν
431 925 505 979 τῆς
531 922 687 971 πόλεως
713 924 854 966 πυλῶν
882 922 1143 975 διατεμόντες
1178 920 1463 974 ἐκπεσούμεθα
1499 919 1670 976 νυκτὸς,
1715 918 1747 976 ἢ

323 990 406 1032 τῶν
427 990 472 1029 ἐκ
492 990 532 1031 Γ
529 1003 694 1036 εννουας
720 988 796 1029 τοῦ
816 987 1020 1040 βασιλέως
1050 988 1184 1042 φίλων
1212 984 1362 1043 τριήρη
1385 986 1488 1039 μίαν
1515 980 1544 1041 ἢ
1569 987 1642 1029 καὶ
1671 987 1746 1029 δύο

329 1052 630 1108 πληρωσάντων
649 1051 947 1107 ἑπιβησόμεθα,
975 1052 1047 1092 καί
1067 1049 1172 1106 πρὸς
1191 1049 1266 1099 τὰς
1287 1051 1517 1105 παραλίους
1539 1052 1615 1106 τῆς
1634 1050 1748 1110 Θρᾴ-

328 1133 402 1172 κης
437 1115 574 1166 πόλεις
616 1111 764 1172 (αὗται
794 1117 833 1157 δ’
863 1117 967 1157 εἰσίν
993 1114 1194 1171 ἡμέτεραι
1218 1112 1287 1156 διὰ
1315 1113 1361 1157 τὸ
1389 1113 1464 1158 τὸν
1494 1113 1802 1172 Συργιάννηνι5

327 1182 463 1224 αὐτῶν
482 1181 798 1237 ἐπιτροπεύειν,>
828 1179 1192 1235 διασωθησόμεθα·
1220 1180 1292 1222 καὶ
1313 1176 1420 1223 οὕτω
1443 1179 1611 1237 μακρὰν
1635 1172 1751 1236 γενόζ

327 1263 443 1299 μενοι
472 1248 554 1288 τῶν
585 1244 805 1299 κινδύνων,
845 1242 874 1286 ἃ
894 1246 1010 1287 δοκεῖ
1030 1246 1259 1301 συμφέρειν
1283 1246 1329 1287 ἓν
1352 1245 1512 1304 ὑστέρῳ
1530 1244 1751 1302 πράξομεν.

330 1310 378 1352 τὸ
404 1313 450 1353 δὲ
464 1313 537 1353 νῦν
558 1309 665 1365 ἔχον,
691 1309 802 1368 πάσῃ
827 1311 896 1352 δεῖ
907 1308 1150 1365 χρήσασθαι
1170 1311 1242 1351 καί
1263 1306 1414 1369 ἀνδρία
1432 1310 1773 1371 καί,προθυμι’ᾳ,,

295 1376 411 1419 1)καί
435 1375 587 1432 αὐτην,
630 1374 667 1418 εὶ
689 1376 794 1428 δέοι,
837 1374 912 1431 τὴν
939 1374 1046 1430 ζωὴν
1069 1375 1295 1430 προθύμως
1317 1376 1605 1430 προϊεμένους,
1644 1374 1753 1420 ὥστε·

332 1444 415 1484 τῶν
447 1439 724 1496 περισχόντων
757 1438 988 1496 ἐξαρπάσαι
1015 1440 1215 1482 κινδύνων
1247 1437 1319 1482 τὸν
1350 1442 1553 1494 βασιλέα,
1594 1442 1667 1484 καί
1690 1440 1806 1497 ,ariao

328 1507 528 1586 περιὶδεῖν
553 1503 729 1547 αυτὸνε
709 1502 798 1557 α’μα
820 1506 878 1562 τῶ
903 1506 1047 1561 δικαίῳ
1078 1502 1377 1560 διαφθαρέντα·
1411 1521 1485 1549 και
1499 1501 1656 1561 ἰατρῶν
1672 1505 1750 1562 γὰρ

328 1570 424 1621 τούς
456 1571 773 1646 ἐμπειροτέρους
800 1568 963 1625 ὄρωμεν
997 1568 1068 1610 καί
1097 1570 1336 1625 στρατηγῶν
1365 1568 1464 1626 πρὸς
1493 1569 1545 1613 τοὶ
1569 1574 1753 1612 κατεπεί-

329 1651 453 1690 γοντα
486 1638 644 1688 μᾶλλον
674 1633 917 1687 ἱσταμένους
947 1636 1029 1676 τῶν
1059 1631 1304 1688 νοσημάτων
1325 1633 1399 1676 και
1419 1636 1502 1677 τῶν
1528 1634 1754 1688 πολέμων.”

335 1699 500 1756 Ταύτης
517 1701 588 1755 τῆς
611 1699 762 1754 βουλῆς
786 1698 858 1741 καί
873 1698 1210 1756 πρωτοστράτορι
1230 1701 1442 1755 βελτίστης
1463 1697 1570 1743 εἶναι
1596 1703 1754 1757 κριθεί-

328 1801 487 1847 potcris,
522 1799 582 1833 hic
606 1802 816 1846 praestolari
839 1801 940 1835 iube:
987 1813 1051 1846 ego
1076 1800 1162 1835 hinc
1185 1801 1384 1847 digressus,
1418 1792 1562 1848 nepotis
1582 1813 1752 1849 meosque

328 1846 563 1892 congregabo.
625 1849 666 1884 In
698 1860 804 1883 unam
843 1847 975 1881 deinde
1007 1847 1277 1882 multitudinem
1308 1848 1530 1893 conglobati,
1582 1848 1750 1882 adiuncto

325 1895 413 1927 item
435 1894 670 1937 imperatore,
707 1894 805 1940 quod
828 1895 957 1938 opinor
973 1905 1038 1928 nos
1061 1905 1187 1939 posse,
1226 1894 1272 1928 ad
1290 1894 1446 1940 Sophiae
1466 1895 1535 1929 Dei
1556 1894 1688 1928 Verbi
1692 1907 1749 1929 sa-

326 1945 542 1973 crosanctam
574 1940 699 1973 aedem
727 1952 790 1974 nos
824 1941 1055 1984 recipiemus.
1096 1940 1151 1974 ibi
1174 1939 1259 1974 deni
1288 1952 1332 1974 ue
1359 1946 1399 1974 ut
1421 1942 1458 1973 in
1485 1940 1609 1983 asylo,
1643 1940 1749 1974 saluti

324 1990 467 2019 nostrae
501 1986 759 2018 incumbemus.
823 1986 1049 2020 Postmodum
1087 1986 1203 2019 missis
1239 1952 1285 2019 ad
1316 1996 1419 2019 avum
1453 1987 1672 2028 oratoribus,
1710 1992 1751 2019 ut

336 2043 441 2065 ausus
468 2032 507 2064 in
531 2042 569 2065 se
593 2037 730 2065 nostros
752 2031 933 2065 oblivione
958 2032 1173 2076 sempiterna
1196 2032 1330 2073 deleat,
1349 2032 1560 2076 rogabimus.
1607 2033 1651 2065 Et
1667 2033 1752 2078 quia

336 2077 570 2117 seditionem,
606 2078 702 2122 quod
734 2077 906 2110 credibile
933 2083 1006 2118 est,
1041 2079 1187 2118 timeat,
1222 2083 1264 2111 ut
1282 2057 1513 2112 iu’reiurando
1536 2080 1661 2122 nepoti
1684 2090 1752 2112 no—

331 2124 461 2168 bisque
493 2128 570 2155 tum
602 2125 849 2164 securitatem,
897 2127 974 2156 tum
1000 2124 1265 2157 commissorum
1300 2125 1401 2158 illam
1426 2124 1646 2159 oblivionem
1668 2136 1753 2169 pro-

329 2170 463 2203 mittat.
511 2170 699 2214 Postquam
724 2181 768 2203 ex
790 2168 858 2202 hoc
880 2174 952 2203 tam
979 2169 1097 2203 subito
1123 2170 1283 2213 periculo
1312 2171 1482 2214 evaserit,
1517 2176 1594 2203 tum
1621 2170 1752 2204 deinde

329 2215 396 2249 ubi
431 2215 736 2256 consuluerimus,
780 2214 877 2260 quod
909 2221 1086 2259 praestare
1115 2215 1318 2256 videbitur,
1358 2217 1435 2250 eius
1478 2215 1609 2262 agundi
1638 2214 1764 2258 libera*

328 2266 486 2307 potestas
523 2262 600 2294 erit.
650 2262 719 2294 Aut
757 2262 852 2294 enim
876 2272 896 2293 a
924 2262 1130 2295 continente
1156 2273 1227 2295 una
1249 2262 1348 2295 urbis
1375 2267 1478 2307 porta
1505 2265 1659 2302 effracta,
1687 2274 1754 2295 no-

331 2305 529 2341 ctuabundi
553 2318 798 2351 erumpemus:
825 2312 886 2340 aut
907 2307 1100 2349 Genuates,
1124 2309 1265 2353 nepotis
1282 2309 1425 2348 amicos,
1449 2309 1627 2342 triremem
1649 2320 1757 2341 unam

329 2353 480 2387 hinasve
503 2355 692 2387 instructas
717 2353 850 2386 auxilio
875 2364 1079 2397 poscemus,
1129 2360 1166 2387 et
1188 2354 1233 2387 ad
1255 2354 1448 2388 maritimas
1474 2354 1644 2388 Thraciae
1665 2355 1754 2387 civi-

330 2404 442 2440 tates,
473 2410 563 2444 quae
579 2425 587 2440 ‚
622 2401 791 2444 quoniam
816 2410 835 2431 a
861 2400 1054 2445 Syn-gianne
1080 2406 1268 2445 reguntur,
1298 2411 1319 2434 a
1349 2400 1455 2434 nobis
1479 2405 1578 2441 sunt,
1616 2401 1756 2434 incolu-

329 2456 407 2479 mes
429 2446 683 2499 profugiemus.
738 2446 854 2489 Atque
879 2446 930 2478 ita
953 2447 1078 2489 procul
1102 2447 1289 2491 periculis,
1323 2457 1415 2492 quae
1437 2446 1476 2479 in
1499 2457 1573 2480 rem
1598 2452 1756 2480 nostram

332 2492 672 2531 existimaverimus,
708 2490 753 2524 de
781 2496 899 2524 cetero
923 2503 1168 2536 exsequemur.
1220 2492 1324 2526 Nunc
1355 2493 1484 2526 animis
1518 2503 1606 2538 opus
1632 2498 1669 2525 et
1687 2503 1755 2537 pe-

331 2542 430 2570 ctore
457 2538 575 2571 firmo:
598 2549 735 2577 ,nunc,
777 2537 806 2569 si
832 2548 885 2570 rcs
912 2537 1103 2582 flagitabit,
1142 2538 1222 2582 ipsa
1251 2550 1323 2584 quo
1353 2549 1396 2571 ue
1426 2538 1545 2572 anima
1574 2538 1755 2582 intrepide

330 2582 592 2627 impendenda,
635 2595 714 2638 quo·
732 2584 980 2627 imperatorem
1014 2585 1191 2618 iuniorem
1215 2596 1234 2618 e
1261 2551 1379 2618 medio
1403 2585 1612 2618 discrimine
1636 2589 1754 2617 extra-

329 2629 475 2670 hamus,
509 2641 574 2663 nec
598 2641 677 2662 eum
705 2631 743 2662 in
769 2641 872 2662 causa
899 2630 992 2663 iusta
1016 2631 1093 2674 rapi
1121 2631 1166 2664 ad
1189 2631 1375 2664 interitum
1398 2631 1597 2674 patiamur:
1641 2631 1755 2675 siqui-

331 2674 412 2709 dem
439 2680 476 2710 et
501 2675 658 2709 medicos
683 2681 719 2708 et
743 2675 830 2708 belli
855 2675 961 2709 duces
986 2677 1288 2721 experientiores,
1320 2676 1454 2711 morbis
1481 2682 1523 2710 ac
1544 2676 1672 2722 pugnis
1697 2676 1756 2709 iu-
