1832 3138
109 221 187 256 A.C.
204 223 288 258 1320
301 211 511 268 κηδεστήν.
547 209 570 250 ὅ
598 207 850 265 πρεσβευτὴς
873 209 918 250 δὲ
949 207 1131 262 μοναχός
1152 203 1224 263 ἦν,
1264 205 1512 256 Καλλίνικος
1538 203 1760 271 malmsb-1

300 293 382 331 νος,
422 275 604 331 τὸγένος
628 275 708 328 μὲν
741 273 816 316 καί
854 273 978 324 αὐτὸς
1014 271 1231 329 Τριβαλὸς,
1266 264 1314 311 εὖ
1345 272 1390 312 δὲ
1423 269 1545 320 εἰδώς
1575 272 1790 330 ualentes}

300 341 373 384 καί
400 341 613 398 πράγμασι
643 343 861 389 πολιτικοῖς
900 341 1089 396 χρῆσθαι
1126 339 1181 379 δι’
1220 337 1466 392 ἐμπειρίαν,
1492 332 1536 386 ὃς
1572 333 1625 392 δὴ
1658 333 1733 390 τὴν
1780 354 1788 376 ..·

297 405 451 460 μεταξὺ
484 407 566 448 τῶν
590 407 793 459 βασιλέων
818 401 1114 461 ἀναφυομένην
1152 402 1296 444 στάσιν
1322 399 1382 456 μὴ
1411 397 1628 456 ἀγνοήσας,
1663 398 1740 455 καὶ

298 469 492 524 συνιδών,
517 469 574 520 ὥς
597 470 622 525 ἦ
644 471 812 525 τοιαύτη
838 470 1080 524 διχοστασία
1102 465 1247 524 καιρὸν
1272 461 1324 509 ἂν
1345 466 1540 524 παράσχῃ
1560 465 1621 532 {1113
1640 462 1758 532 ἷδίιρὸ

259 542 286 575 C
306 534 482 593 δεσπότῃ
510 533 621 591 παρὰ
655 536 857 589 βασιλέως
885 529 943 576 ὧν
975 533 1140 589 ἢδίκητο
1169 531 1267 589 περὶ
1291 530 1366 590 τὴν
1392 529 1736 588 στρατιὰνιδίκας

299 603 466 654 λαβεῖν,
493 598 681 653 ἐβούλετο
702 598 844 656 κρύφα
869 601 927 657 τῷ
951 601 1028 656 νέῳ
1056 602 1225 652 βασιλεῖ
1240 601 1472 651 συντυχεῖν.

187 671 226 703 V.
244 682 281 705 αι
395 665 434 719 η’.
467 663 521 707 Τὸ
546 667 585 706 15³
601 661 704 706 αὐτὸ
725 664 796 707 καί
814 663 1011 719 βασιλεύς
1033 662 1055 705 ὅ
1072 662 1160 714 νέος
1183 662 1262 706 σύν
1280 660 1507 720 δομεστίκῳ
1529 660 1592 720 τῷ,
1608 662 1736 728 μεγά-

301 733 358 786 λῳ
393 733 618 772 λυσιτελεῖν
659 731 803 780 αὐτοῖς
833 730 1083 785 ἡγησάμενοι
1126 727 1226 785 πρὸς
1264 727 1338 770 τὸν
1350 727 1524 783 Κράλην
1564 728 1734 792 διαπρε.4
1762 788 1765 792 .

301 795 563 847 σβεύσασθαι
595 793 692 850 περὶ
713 793 981 849 συμμαχίας,
1025 793 1099 836 τὸν
1130 792 1382 836 Καλλίνικον
1405 789 1787 845 μετακαλεσάμε-Ιο

250 865 356 903 cvm
387 859 460 901 καί
494 858 589 915 περί
618 861 690 914 τῆς
720 861 796 901 τοῦ
828 858 978 916 Κράλη
1019 858 1263 912 συμμαχίας
1296 856 1367 899 καί
1408 856 1550 915 φιλίας
1595 857 1733 898 διαλε-

293 925 465 976 χθέντες
500 922 574 966 καί
609 922 823 974 πείσαντες
847 925 894 966 ἐκ
924 925 1000 966 τοῦ
1037 924 1192 981 ῥᾴστου
1226 921 1296 964 διὰ
1322 921 1369 964 τὸ
1395 921 1469 963 καὶ
1498 916 1626 984 αῧτὸν
1657 918 1735 975 τὴν

294 988 517 1045 πρεσβείαν
540 990 696 1044 ταύτην
715 990 773 1047 τῷ
794 990 943 1046 Κράλῃ
964 990 1143 1043 νομίζειν
1161 991 1410 1040 λυσιτελεῖν,
1435 981 1571 1037 ἄλλως
1599 987 1650 1029 θ’
1671 981 1736 1027 ’ότι

293 1053 365 1095 καί
385 1053 487 1110 πρὸς
510 1052 765 1110 Συργιάννην
787 1053 901 1112 αὕτῷ
920 1053 1061 1111 φιλίας
1088 1055 1267 1110 ἐνέχυρα
1298 1051 1371 1095 καὶ
1393 1049 1591 1108 πρότερον
1612 1045 1734 1106 ἦσαν,

294 1119 674 1170 ἐξαποστέλλουσιν.
716 1118 739 1160 ὃ
771 1121 818 1162 δὲ
850 1117 1012 1176 σπούδῃ
1035 1118 1108 1160 καί
1139 1117 1353 1177 προθυμίᾳ
1381 1118 1510 1174 πολλῇ
1529 1115 1608 1172 τὴν
1634 1113 1786 1160 ὖδόνιό

294 1185 476 1238 τάχιστα
501 1182 723 1237 διανύσας,
768 1186 826 1242 τῷ
852 1183 1003 1241 Κράλῃ
1024 1200 1067 1225 τε
1097 1184 1414 1239 συγγενόμενος,
1444 1181 1519 1224 καὶ
1546 1180 1624 1238 τὴν
1653 1181 1730 1224 τοῦ

295 1250 389 1291 νέου
412 1250 615 1302 βασιλέως
647 1245 893 1304 ἀπαγγείλας
918 1248 1162 1305 πρεσβείαν,
1196 1244 1293 1305 εὗρε
1324 1247 1398 1291 καὶ
1426 1244 1559 1292 adrev
1587 1242 1726 1303 ὥσπερ

296 1314 467 1368 ἕρμαιον
497 1311 752 1368 ἡγησάμενον
788 1312 863 1356 τὸν
897 1312 1068 1370 καιρὸν,
1115 1313 1187 1355 καί
1217 1313 1346 1356 παντί
1382 1315 1524 1356 σθένει
1560 1328 1730 1366 συμμα-

182 1389 212 1421 Ρ.
240 1387 286 1425 26
298 1375 443 1431 χήσειν
478 1378 809 1431 ὑπισχνούμενον
843 1380 899 1436 τῷ
920 1380 996 1436 νέῳ
1035 1382 1223 1433 βασιλεῖ’,
1274 1377 1379 1435 πρὸς
1410 1379 1469 1436 τῷ
1504 1376 1578 1420 καί
1604 1374 1732 1432 χάριν

295 1443 478 1495 εἰδέναι,
515 1443 555 1483 εἰ
586 1440 712 1495 μόνον
742 1445 817 1485 τοῦ
842 1444 1009 1485 πάππου
1042 1443 1115 1485 καί
1136 1445 1340 1496 βασιλέως
1376 1439 1584 1496 ἀποστὰς,
1625 1438 1797 1496 πρόςαὸ-

295 1512 379 1556 τοϊς
407 1509 553 1563 μέρεσι
588 1509 744 1562 γένοιτο
772 1508 1064 1558 Μακεδονίας·
1108 1504 1213 1568 ᾧέτο
1245 1508 1325 1566 γὰρ
1365 1508 1441 1564 την
1474 1507 1574 1565 πρὸς
1598 1503 1731 1573 αὖτὸν

295 1572 545 1626 συμμαχίαν
587 1571 766 1616 κάκωσιν
804 1571 912 1616 εἶναι
955 1575 1040 1616 τῶν
1081 1576 1157 1616 τοῦ
1188 1576 1390 1630 κηδεστοῦ
1423 1573 1497 1616 καί
1527 1574 1730 1628 βασιλέως

294 1636 560 1692 πραγμάτων.
595 1637 735 1692 λαβών
762 1638 901 1681 τοίνυν
924 1638 945 1680 ὃ
962 1639 1211 1689 Καλλίνικος
1233 1638 1307 1690 τὰς
1329 1638 1571 1694 ἐπαγγελίας
1583 1672 1597 1692 ,
1628 1639 1730 1681 ἐπά-

291 1716 398 1743 νεισι
430 1701 535 1758 πρὸς
563 1702 609 1743 τὸ
638 1703 873 1755 Βυζάντιον
909 1703 1014 1746 κατὰ
1049 1706 1178 1759 τάχος
1210 1704 1283 1746 καί
1306 1704 1470 1761 χαίρων
1501 1700 1648 1761 ὀφθεὶς
1672 1705 1730 1764 τῷ

291 1770 457 1819 βασιλεῖ
473 1766 666 1823 χαίροντι
687 1768 911 1824 ἀπήγγελλέ
931 1763 977 1810 τε
1003 1768 1055 1811 τὰ
1071 1771 1144 1825 τῆς
1164 1769 1408 1827 πρεσβείας,
1444 1768 1518 1812 καὶ
1532 1769 1608 1826 την
1621 1766 1730 1823 συμζ

291 1859 370 1880 cum
391 1860 466 1881 non
493 1849 584 1882 male
607 1849 794 1884 didicisset
814 1852 869 1885 uti
894 1852 1153 1894 occasionibus,
1183 1857 1220 1886 et
1239 1853 1279 1886 in
1304 1852 1413 1886 rebus
1431 1852 1599 1887 civili-bus
1622 1853 1728 1887 tritus

289 1900 403 1935 essct,
432 1901 588 1928 exortam
617 1903 799 1940 praeterea
822 1901 918 1933 inter
939 1899 1169 1942 imperatores
1195 1898 1408 1932 discordiam
1432 1911 1506 1932 non
1528 1901 1729 1944 ignoraret,
1789 1902 1792 1905 ’

289 1945 396 1984 atque
430 1942 536 1974 etiam
570 1944 813 1986 prospiceret,
850 1944 942 1976 hanc
970 1944 1228 1977 dissensionem
1255 1945 1400 1978 domino
1432 1956 1496 1978 suo
1526 1955 1726 1990 peroppor-

275 1991 410 2025 ¹tunam
441 1987 517 2019 fore
545 1988 590 2020 ad
616 1989 962 2023 animadvertendam
988 1991 1028 2022 in
1054 2001 1175 2023 socero
1202 1996 1349 2035 propter
1378 1991 1512 2024 milites
1534 1993 1727 2034 iniuriam,

289 2042 367 2064 cum
383 2033 524 2074 iuniore
540 2035 752 2077 imperatore
766 2036 1026 2068 clandestinum
1046 2037 1162 2069 voluit
1178 2037 1271 2070 inire
1292 2037 1522 2082 colloquium.

380 2080 410 2111 8.
459 2079 491 2111 Is
512 2085 549 2112 et
565 2091 708 2124 magnus
727 2081 940 2114 domesticus
964 2093 983 2114 e
1002 2093 1040 2114 re
1061 2094 1123 2115 sua
1142 2083 1301 2129 futurum
1328 2088 1548 2124 statuentes,
1574 2084 1604 2117 si
1626 2084 1724 2128 lega-

277 2125 430 2157 ,tionem
441 2124 486 2158 de
505 2126 664 2158 coeunda
683 2138 800 2159 secum
827 2128 917 2160 belli
933 2129 1102 2161 societate
1118 2129 1162 2161 ad
1184 2129 1320 2163 Cralem
1337 2130 1541 2172 mitterent,
1573 2130 1724 2164 Callini-

287 2182 365 2203 cum
383 2177 618 2212 arcessentes,
652 2178 689 2206 et
707 2184 785 2205 eum
809 2174 934 2206 eodem
959 2174 1003 2207 de
1025 2176 1182 2208 amicitia
1212 2181 1248 2208 et
1268 2175 1414 2209 foedere
1435 2187 1515 2209 cum
1536 2176 1637 2210 Crale
1664 2178 1724 2211 in·-

287 2216 405 2249 eundo
430 2217 661 2251 disserentes:
699 2219 875 2264 facileque
893 2219 1031 2253 homini
1056 2221 1335 2262 consumentes,
1365 2222 1463 2267 quod
1492 2228 1530 2256 et
1552 2223 1630 2267 ipse
1654 2221 1724 2256 hoc

286 2262 381 2295 Crali
403 2263 660 2296 conducturum
676 2267 838 2306 sentiret,
862 2271 937 2299 tum
951 2268 1057 2299 etiam
1076 2267 1174 2312 quod
1188 2273 1289 2301 vetus
1308 2269 1342 2302 ei
1359 2279 1438 2301 cum
1451 2269 1645 2313 Syrgianne
1656 2279 1722 2303 ne-

273 2309 467 2349 :cessitudo
491 2316 603 2350 esset,
636 2311 789 2355 legatum
806 2323 886 2344 eum
911 2314 1068 2346 mittunt.
1118 2313 1212 2359 Qui,
1233 2314 1464 2348 festinatione
1491 2321 1528 2348 et
1541 2315 1722 2349 alacritate

286 2356 374 2388 mira
394 2356 576 2389 celerrime
597 2358 759 2391 confecto
784 2359 927 2398 itinere,
949 2370 1027 2391 cum
1049 2359 1150 2392 Crale
1176 2371 1399 2405 congressus,
1426 2362 1641 2407 legationem
1661 2362 1720 2395 iu-

276 2402 399 2434 nioris
416 2403 638 2446 imperatoris
661 2405 819 2448 exponit.
869 2405 934 2437 Ille
954 2406 1121 2439 similiter
1139 2406 1184 2439 de
1208 2406 1326 2440 oblata
1345 2407 1609 2448 commoditate,
1629 2412 1720 2449 tam-

274 2459 392 2492 quam
416 2448 461 2481 de
486 2449 729 2493 inexspectato
756 2450 875 2491 lucro,
911 2452 1060 2495 gaudet,
1086 2453 1212 2497 gratias
1253 2454 1399 2498 insuper
1435 2454 1509 2498 agit
1541 2459 1649 2498 atque
1675 2453 1722 2487 ad

273 2499 455 2538 -nepotem
471 2494 708 2528 adiuvandum
730 2497 822 2529 vires
845 2508 922 2530 suas
940 2509 1061 2531 omnes
1079 2499 1250 2543 spondet,
1284 2499 1475 2534 dummodo
1502 2499 1547 2533 ab
1571 2509 1636 2533 avo
1660 2511 1721 2533 re-

286 2546 425 2581 motus,
455 2541 555 2574 iuxta
586 2541 831 2575 Macedoniam
867 2544 1068 2578 consideat:
1116 2546 1168 2578 sie
1200 2546 1295 2577 enim
1325 2546 1592 2590 expeditionem
1621 2557 1719 2579 suam

284 2587 506 2620 auxiliariam
530 2588 642 2620 soceri
663 2587 768 2621 rebus
788 2588 990 2622 damnosam
1010 2590 1087 2623 fore
1109 2590 1320 2624 confidebat.
1369 2592 1456 2625 Cum
1481 2592 1545 2626 tali
1571 2593 1717 2636 pollici-

287 2635 422 2666 tatione
448 2632 639 2666 Callinicus
659 2635 794 2679 magnis
820 2636 1012 2669 itineribus
1033 2638 1239 2679 Byzantium
1265 2648 1301 2670 sc
1323 2639 1471 2683 recipit,
1496 2649 1716 2671 successum-

286 2688 355 2725 que
374 2680 560 2725 legationis
577 2691 659 2715 suae
676 2680 771 2717 laeto
793 2682 997 2728 imperatori
1015 2683 1127 2718 lactus
1143 2683 1326 2719 edisserit:
1354 2690 1481 2720 certam
1509 2696 1584 2719 esse
1604 2684 1716 2719 Cralis
