1832 3138
290 65 366 138 98
811 74 1190 117 ΕΛΝΤΑΟΠΖΕΝῙ

93 178 315 238 A,c„321›)⁸
335 179 409 224 καὶ
434 178 596 235 χείροσι
625 181 765 226 κακοῖς
791 182 1027 234 περιπεσεῖν
1056 181 1317 233 φιλονεικεῖς.
1358 175 1543 231 δεόμεθα
1575 170 1731 234 &fleon

284 249 360 290 τοῦ
384 246 561 288 τοιαῦτα
590 242 833 297 λογίζεσθαι
857 243 1190 300 ἀποτρέπεσθαι·
1234 239 1348 296 ὅμως
1372 243 1561 299 ἐπείπερ,
1584 240 1660 293 ’ὥς
1677 241 1734 285 σύ

287 311 393 369 φῂς,
433 308 458 350 ὅ
484 307 558 358 σὸς
588 308 754 357 πάππος
779 306 916 365 εἴρηκε
949 307 1021 350 καί
1055 307 1279 362 βασιλεὺς,
1317 305 1373 357 ὥς
1409 303 1506 364 ὅπερ
1528 302 1583 350 ἂν
1609 304 1733 357 αὐτὸς

287 378 435 432 ἐθέλῃς
466 376 620 428 αἰτεῖν,
657 376 810 416 ἐκεῖνον
841 375 1074 430 ἐκπληροῦν
1102 371 1473 430 παρεσκευάσθαι,
1512 373 1588 429 τῆς·
1606 375 1733 427 βασι-

287 439 400 488 λείας
429 441 602 495 λέγομεν
631 435 864 483 ἀποστάντα
895 443 993 481 καθ’
1020 437 1170 481 ἑαυτὸν
1211 434 1305 480 ὅποι
1335 437 1526 492 βούλοιτο
1556 436 1757 494 διάγεινῤ

289 508 337 549 σὲ
360 507 406 548 δὲ
434 507 509 563 ἒᾷν
532 504 610 560 τὴν
638 505 866 559 εΡωμαίων
897 503 1036 562 ἀρχὴν
1069 503 1244 547 ἰθύνειν·
1285 499 1338 547 ἂν
1363 504 1410 546 δὲ
1439 501 1500 560 μὴ
1529 502 1737 558 βούλοιτο,

289 568 395 627 πρὸς
430 570 681 622 Βυζάντιον,
703 572 810 614 ἰτέον
850 573 918 614 ἐπ’
942 566 1081 613 αὐτόν.
1146 569 1327 623 οἰόμεθα
1364 567 1443 626 γὰρ
1477 565 1579 613 οὐδὲ
1607 570 1738 626 μέχρι

292 638 446 691 τειχῶν
467 640 702 693 περιμενεῖν
729 634 840 691 ἡμᾶς
858 635 955 686 τούς
981 637 1254 689 Βυζαντίους,
1285 631 1378 678 ἀλλ’
1391 633 1456 678 ἔτι
1481 633 1737 693 πορᾆτέρω

250 712 277 747 C
294 696 446 755 όντων,
483 702 542 751 εἷς
570 701 801 758 ὖπάντησίν
830 718 873 744 τε
903 700 980 758 σὴν
1009 703 1194 753 ἐξελθεῖν
1224 703 1297 743 καί
1320 699 1398 756 τὴν
1422 698 1544 743 πόλιν
1578 696 1634 744 ἂν
1657 717 1738 742 πα-

291 769 511 824 ραδοῦναι.
550 769 590 810 εἰ
610 769 690 821 μὲν
723 762 799 810 οὖν
826 764 969 824 οἷσπερ
1003 766 1297 822 βουλευόμεθα
1329 767 1456 824 πείθῃ
1490 762 1566 808 καὶ
1592 764 1792 820 αὖτὸς,ιο

292 827 328 875 ὦ
350 833 548 887 βασιλεῦ’,
586 835 735 889 μηκέτι
767 835 1012 887 μέλλωμεν,
1053 834 1144 874 ἀλλ’
1179 832 1303 889 ἔργου
1341 830 1543 887 ἐχώμεθα
1569 825 1674 888 ἧδηζ
1701 833 1741 874 εἰ

293 900 333 941 δ’
361 893 495 948 ἄλλως
528 895 656 949 αὖτὸς
677 898 972 953 βεβούλευσαι,
1011 895 1102 940 ἀλλ’
1127 898 1229 954 ἡμῖν
1257 914 1303 953 γε
1332 898 1529 955 φανερῶς
1548 895 1737 956 φράσον,

295 960 406 1014 ὅπως
428 966 624 1017 ἕκαστος,
661 962 719 1013 ὥς
745 959 796 1006 ἂν
827 960 911 1014 οἷός
935 980 978 1006 τε
1013 961 1066 1021 ᾗ,
1096 965 1281 1022 διασώζῃ
1318 961 1510 1006 ἓαυτόν.”
1572 962 1741 1005 Τούτων

295 1026 428 1078 οὕτως
449 1027 529 1070 ἀπὸ
553 1027 717 1072 πάντων
739 1026 877 1086 ὥσπερ
906 1026 988 1071 ἀπὸ
1011 1032 1114 1083 μιᾶς
1144 1031 1372 1086 εἰρημένων
1394 1027 1603 1084 γλώττης,
1637 1031 1741 1069 πολ-

294 1092 371 1148 λὴν
395 1094 506 1150 ὄραῖν
539 1090 738 1151 ἆκαιριάν
765 1093 789 1136 ὅ
822 1093 1022 1149 βασιλεύς
1047 1096 1106 1145 εἷς
1129 1095 1176 1136 τὸ
1200 1093 1473 1148 μεταπείθειν
1499 1093 1796 1150 ἐπιχειρεῖν,ῐό

296 1156 344 1215 (ἥ
363 1175 407 1200 τε
434 1158 513 1216 γὰρ
546 1158 723 1216 στρατιὰ
746 1156 969 1202 ἆκάθεκτοι
991 1166 1083 1210 ταῖς
1107 1159 1260 1216 ὁρμαῖς
1284 1155 1417 1216 ἦσαν,
1454 1160 1528 1202 καί
1555 1157 1740 1213 μάλιστα

296 1224 334 1267 οἱ
359 1226 404 1267 ἐκ
431 1227 662 1281 Γερμανῶν
689 1225 949 1282 μισθοφόροι
985 1229 1190 1279 Λατῖνοι,
1230 1227 1276 1268 ἐν
1310 1222 1372 1274 οἷς
1399 1221 1507 1281 ἦσαν
1536 1225 1612 1267 καί
1633 1240 1743 1272 τινες

299 1292 381 1332 τῶν
407 1287 669 1346 εὐπατριδῶν
699 1293 800 1347 παρ’
823 1291 966 1341 αὐτοῖς
976 1325 989 1345 ,
1029 1287 1153 1340 αὖτός
1185 1307 1228 1333 τε
1251 1289 1396 1346 οἷὴθως
1424 1289 1486 1332 ἔτι
1519 1287 1608 1344 εἶχε
1641 1288 1744 1346 πρὸς

301 1353 513 1410 ἅπαντας,
542 1355 649 1411 πλὴν
667 1356 816 1411 ὀλίγων
837 1358 987 1410 τινῶν,
1015 1359 1088 1399 καί
1115 1356 1190 1398 οὐκ
1206 1350 1258 1412 ἦν
1286 1359 1334 1400 ἐκ
1360 1357 1437 1398 τοῦ
1453 1355 1614 1414 ῥᾴστου
1642 1354 1745 1412 πρὸς
1797 1407 1807 1418 α

258 1418 490 1475 Βᾶγνῶτας
511 1421 799 1477 διαλέγεσθαι,
838 1419 976 1479 ὥσπερ
1006 1419 1060 1478 ἦν
1087 1425 1294 1479 χρήσιμον
1313 1422 1371 1480 τῷ
1396 1423 1560 1480 καιρῷ,)
1589 1419 1800 1470 πολλὰςσο
1831 1474 1832 1477 ¹

299 1488 374 1541 τῆς
408 1488 467 1535 εἷς
501 1487 633 1533 αὐτὸν
667 1487 832 1538 εὔνοιὀις
863 1485 1006 1537 αὐτοῖς
1025 1487 1205 1544 χάριτας
1231 1487 1512 1543 ὁμολογήσας,
1550 1489 1624 1529 καὶ
1655 1488 1743 1528 δεῖν

299 1548 409 1594 εἶναι
436 1550 564 1595 εἰπών
584 1555 745 1595 πλείονι
772 1555 991 1608 ὃιασκέψει
1024 1555 1172 1596 δοῦναι
1200 1552 1247 1596 τὸ
1271 1555 1457 1610 πρᾶγμα,
1494 1551 1569 1595 καί
1586 1549 1646 1608 μὴ
1675 1553 1762 1609 ἒφ”

301 1613 413 1659 οὕτω
437 1618 622 1673 μεγάλην
635 1619 784 1674 πρᾶξιν
818 1615 1125 1676 ἀπερισκέπτως
1146 1623 1317 1674 χωρεῖν·
1342 1617 1424 1672 ,,οὖ
1446 1615 1524 1675 γὰρ
1555 1616 1653 1674 περὶ
1672 1632 1748 1671 μι-

301 1682 410 1738 κρῶν
427 1698 551 1725 τινων
570 1681 887 1738 βουλευόμεθα,
917 1680 1025 1726 ἀλλὰ
1047 1684 1146 1740 περὶ
1176 1685 1255 1725 τοῦ
1279 1682 1524 1736 σύμπαντος
1555 1681 1748 1736 σχεδόν·”

303 1824 427 1858 eadem
453 1827 491 1856 et
513 1823 693 1856 deteriora
716 1821 809 1854 mala
833 1826 869 1854 te
894 1820 1134 1865 praecipitare
1162 1820 1364 1856 contendis.
1414 1820 1538 1868 Quare
1570 1831 1745 1867 rogamus,

302 1872 357 1904 uti
382 1870 640 1914 cogitationem
664 1869 771 1901 istam
797 1878 817 1899 a
836 1872 900 1899 tua
923 1872 1044 1900 mente
1060 1866 1240 1912 repudies.
1287 1868 1743 1914 Verumtamen'quoniam

304 1929 411 1957 avus,
446 1920 488 1948 ut
516 1919 702 1955 autumas,
726 1918 908 1959 praestare
935 1918 1082 1958 paratus
1109 1919 1164 1947 est
1188 1912 1287 1959 quod
1310 1914 1383 1948 tibi
1406 1920 1531 1959 petere
1553 1915 1745 1960 placuerit,

305 1973 514 2001 censemus,
549 1962 606 1993 uti
634 1972 671 1994 se
703 1959 867 2000 abdicet,
905 1965 941 1992 et
970 1959 1036 1992 ubi
1058 1960 1219 1993 locorum
1240 1960 1417 2005 voluerit,
1453 1961 1525 1994 sibi
1549 1961 1668 1996 vivat:
1706 1966 1745 1995 tu

305 2011 504 2042 Romanum
530 2007 725 2052 imperium
745 2017 913 2050 capessas.
964 2005 1002 2039 Si
1027 2005 1299 2047 detrectaverit,
1341 2007 1552 2051 Byzantium
1577 2006 1746 2041 adversus

304 2056 411 2090 illum
435 2055 577 2087 infestis
601 2055 712 2098 signis
740 2052 1020 2098 procedendum.
1067 2054 1114 2086 Et
1132 2051 1361 2095 arbitramur,
1386 2053 1599 2098 Byzantinos
1628 2065 1670 2087 us
1699 2064 1747 2088 ue

305 2101 351 2135 ad
377 2112 496 2141 muros
524 2100 718 2134 adventum
745 2104 907 2132 nostrum
936 2097 1033 2131 haud
1063 2104 1349 2143 exspectaturos:
1391 2100 1456 2134 sed
1482 2100 1608 2144 procul
1629 2099 1675 2133 ad
1703 2111 1748 2134 uc

305 2147 527 2182 distantibus
555 2157 761 2179 occursuros
794 2145 994 2191 urbemque
1023 2143 1219 2179 dedituros.
1269 2146 1308 2180 Si
1339 2147 1390 2180 ita
1417 2157 1464 2180 ue
1495 2152 1620 2180 nostro
1660 2157 1748 2181 con-

281 2231 284 2235 <
306 2195 391 2229 silio
407 2193 586 2234 flecteris,
610 2204 657 2225 ne
682 2193 908 2226 differamus:
936 2191 999 2225 sed
1015 2192 1063 2225 ad
1082 2203 1171 2237 opus
1191 2192 1263 2225 iam
1285 2158 1544 2238 aggrediamur.
1591 2192 1656 2229 Sin
1676 2193 1749 2227 alia

306 2241 379 2274 tibi
409 2250 529 2281 mens,
577 2244 700 2284 aperte
735 2238 907 2278 enuntia,
954 2243 996 2271 ut
1031 2240 1186 2285 quisque
1223 2245 1388 2274 nostrum
1427 2238 1609 2285 quomodo
1639 2245 1749 2284 pote-

309 2287 359 2321 rit
385 2287 490 2319 saluti
515 2297 599 2319 suae
628 2283 831 2329 provideat.
886 2283 950 2317 His
978 2284 1027 2317 ita
1062 2285 1107 2318 ab
1137 2285 1304 2319 omuibus
1325 2291 1504 2332 tamquam
1527 2297 1600 2319 una
1624 2286 1748 2332 lingua

311 2333 432 2374 dictis,
487 2332 680 2378 erspiciens
706 2332 912 2373 imperator,
941 2330 1045 2364 valde
1065 2332 1357 2376 intempestivum
1378 2344 1468 2374 esse,
1496 2332 1669 2367 aliorsum
1686 2343 1747 2366 eos

312 2379 434 2414 conari
450 2343 640 2419 Xeducere,
662 2376 839 2423 (cohiberi
859 2378 955 2410 enim
975 2377 1131 2412 militum
1152 2378 1252 2412 furor
1269 2390 1343 2413 non
1364 2384 1521 2424 poterat,
1581 2379 1747 2424 raecipue

312 2425 617 2460 conductitiorum
633 2424 844 2457 Latinorum
864 2435 883 2456 e
904 2423 1097 2458 Germania
1110 2449 1120 2465 ‚
1148 2426 1186 2457 in
1204 2424 1336 2471 quibus
1356 2431 1460 2460 erant
1481 2425 1545 2471 qui
1572 2434 1629 2458 am
1649 2424 1748 2459 domi

311 2472 472 2506 nobiles:
498 2476 535 2506 et
555 2472 655 2516 ipse,
691 2470 815 2515 paucis
838 2471 1020 2515 exceptis,
1054 2471 1214 2505 omnium
1241 2472 1360 2505 adhuc
1381 2478 1456 2507 erat
1472 2471 1654 2512 insolens,
1681 2482 1749 2505 nec

311 2518 485 2559 dabatur,
517 2516 821 2564 quemadmodum
845 2522 986 2561 tempus
1009 2517 1238 2562 postulabat,
1266 2518 1422 2553 Graecae
1442 2518 1585 2563 linguae
1606 2519 1748 2562 ignaros

310 2564 477 2612 alloqui‚)
504 2564 631 2609 amplis
651 2563 696 2597 de
718 2562 894 2596 benevola
912 2574 992 2608 erga
1013 2575 1051 2597 se
1073 2575 1197 2597 eorum
1221 2565 1409 2599 voluntate
1431 2565 1554 2611 gratiis
1577 2565 1686 2605 actis,
1712 2568 1750 2597 et

309 2622 386 2644 rem
417 2612 616 2645 accuratius
647 2608 965 2651 considerandam,
1005 2621 1073 2645 nee
1100 2610 1146 2644 ad
1169 2612 1261 2644 tanti
1284 2614 1458 2646 momenti
1478 2612 1662 2657 negotium
1691 2610 1749 2644 in-

306 2658 469 2693 consulto
490 2655 750 2697 accedendum,
787 2656 967 2702 siquidem
991 2669 1065 2692 non
1085 2657 1131 2692 de
1154 2658 1279 2704 nugis,
1316 2658 1380 2694 sed
1402 2658 1448 2693 de
1470 2668 1606 2692 summa
1626 2667 1745 2692 rerum
