1820 3164
292 87 401 143 528
814 95 1185 142 CANTACUZENI

97 210 182 249 AB.
199 212 285 259 1339·
293 207 432 261 μένοις
458 205 501 253 ἐξ
530 202 581 258 ἀρ
584 196 678 256 χῆςέ
702 201 776 243 νῦν
804 201 844 241 δ’
871 198 1006 248 ἔξεστι
1024 201 1231 256 -συνορᾷν,
1259 199 1314 250 ὥς
1342 192 1535 256 ossd’sssizt
1555 199 1637 258 μιᾷ
1660 195 1710 256 ἧ-

286 271 394 327 μέρᾳ
428 269 509 310 ταῖν
546 266 684 308 αὐτῶν
720 263 952 318 μενόντων,
998 259 1105 305 ἀλλὰ
1143 264 1331 313 ποικίλας
1371 265 1605 318 δεχομένων
1630 264 1710 316 τὰς

248 331 517 390 (ζμεταβολάς
534 365 546 385 ,
585 331 815 373 ποιοῦνται.
872 325 977 371 (ὅστε
1019 330 1146 385 ἐχρῆν
1185 325 1325 379 αὗτοῖς
1366 332 1439 372 καί
1480 327 1578 379 τούς
1614 331 1713 383 περὶ

289 399 454 442 ἐκείνων
481 397 623 451 λόγους
652 396 806 449 ὁμοίως
843 401 930 444 τοῖς
969 393 1186 450 πράγμασι
1226 386 1582 450 μεθαρμόζεσθαι4
1607 393 1710 452 πρὸς

289 462 335 506 τὸ
362 463 614 505 λυσιτελοῦν.
641 459 816 517 παρῄνει
835 475 878 502 τε
907 456 1050 508 αὖτοΐς
1077 461 1160 500 τῶν
1188 460 1475 514 συνετωτέρων
1502 463 1601 515 παρ’
1629 459 1734 503 ari-5

289 534 376 577 τοῖς
394 543 487 569 τινα
517 528 683 580 πέμψαι
712 524 815 582 πρὸς
843 521 996 578 αὐτὸν,
1035 520 1138 566 ιδ’στε
1168 520 1197 565 ἃ
1224 520 1366 572 αὖτοῖς
1393 523 1524 567 οἴεται,
1551 529 1712 568 λυσιτε-

288 592 442 636 λοῦντα
470 592 722 634 ὑποθέσθαι.
778 586 855 633 κᾶν
878 591 956 643 μὲν
982 591 1054 632 καί
1079 586 1188 646 αὐτῷ
1213 591 1482 645 συμφέροντα
1522 590 1645 648 deifl-
1674 592 1715 632 εἰ

290 661 337 700 δὲ
362 657 422 714 μή
436 691 448 711 ,
479 658 567 699 ἀλλ’
597 654 737 705 αὐτοῖς
762 672 808 710 γε
846 657 995 707 ἐξεῖναι
1032 655 1157 697 πάλιν
1193 653 1223 696 ιῖ
1260 654 1422 710 ὄνήσειν
1458 651 1590 697 οἴεται
1621 653 1712 699 ἐλέ-

289 726 404 766 σθαι.
464 719 685 771 Τοιούτους
710 723 789 774 μὲν
814 718 953 776 ὥσπερ
984 721 1037 762 δι’
1066 721 1378 775 ἀκροβολισμῶν
1403 718 1507 776 πρὸς
1533 721 1711 770 ἐκείνους

289 789 510 843 ἐποιήσατο
537 786 633 835 τούς
661 784 831 840 λόγους·
859 787 1006 827 ἐκεῖνοι
1034 786 1081 827 δὲ
1102 781 1421 842 ἀποκρινάμενοι
1448 784 1506 835 ὥς
1531 777 1572 826 εἴ
1595 785 1759 828 oensem

289 850 432 903 αὐτοῖς
458 851 903 907 συμβουλευσαμένοις,
928 852 1146 904 πέμψουσί
1168 865 1262 893 τινα
1288 852 1346 900 εἰς
1371 849 1447 906 τήν
1473 850 1712 908 ὑστεραίαν,

290 920 500 972 πέμπουσι
518 914 760 972 Ῥιτζάρδον
787 914 853 958 τὸν
881 914 1128 972 Νικηφόρον
1155 915 1414 970 παιδαγωγὸν
1441 916 1714 972 ἐπιφανέστε-

246 982 368 1039 Βρόν
403 998 447 1025 τε
482 981 554 1024 καί
589 981 860 1036 συνετώτερον
897 982 978 1023 τῶν
1014 976 1151 1023 ἄλλων
1188 974 1306 1023 ὅντα.
1345 979 1634 1023 καταστάντων
1665 980 1712 1022 δὲ

233 1041 237 1047 ’
288 1050 348 1098 εἰς
376 1046 545 1102 λόγους,
572 1047 742 1088 τοιαῦτα
769 1045 873 1102 πρὸς
900 1045 1032 1088 αὐτὸν
1068 1046 1089 1088 ὅ
1123 1048 1252 1101 μέγας
1291 1046 1527 1099 δομέστικος
1564 1045 1710 1087 διειλέ-

285 1115 397 1168 χθη·
452 1113 632 1166 ,,οὖδε’να
662 1109 800 1164 οἴομαι
827 1113 911 1154 τῶν
932 1110 1108 1165 πάντων,
1135 1112 1175 1153 εἰ
1197 1108 1256 1166 μὴ
1278 1109 1518 1153 παντάπασι
1539 1109 1763 1153 vineave-15

290 1194 414 1235 ρηται
443 1179 614 1234 φρενῶν,
642 1174 700 1231 μὴ
721 1177 824 1233 πρός
843 1194 885 1219 τι
913 1179 1028 1227 τέλος
1055 1176 1338 1231 ἀποβλέποντα
1367 1173 1597 1235 ὅτῳδήποτε
1623 1177 1716 1218 ἐπι-

291 1249 460 1299 χειρεῖν.
488 1240 553 1284 διό
582 1241 657 1297 τήν
687 1259 732 1284 τε
760 1243 1015 1285 ἀποστασίαν
1042 1245 1205 1298 πρῶτον
1231 1244 1302 1284 καί
1326 1239 1402 1297 τὴν
1429 1239 1500 1284 ἐπὶ
1521 1242 1571 1301 τῇ
1596 1244 1713 1283 πολι-

289 1311 408 1366 ορκία
424 1308 496 1351 νῦν
518 1308 718 1349 δοκοῦσαν
734 1309 1047 1362 μεγαλοψυχίαν
1072 1307 1145 1349 οὔκ
1161 1302 1288 1350 ἄλλον
1306 1323 1382 1349 του
1406 1308 1524 1350 ἕνεκα
1542 1304 1716 1348 ἑλέσθαι

289 1371 402 1426 ὖμᾶς
429 1373 582 1425 νομίζω
610 1367 638 1426 ἦ
665 1369 771 1414 ὥστε
801 1371 1029 1428 Νικηφόρῳ
1059 1374 1117 1429 τῷ
1143 1375 1216 1414 τοῦ
1255 1373 1457 1415 δεσπότου
1494 1369 1617 1414 παιδὶ
1631 1379 1635 1383 ’
1653 1373 1713 1421 εἷς

288 1436 364 1493 τὴν
390 1436 527 1492 ἀρχὴν
548 1435 620 1478 καὶ
644 1435 741 1489 ὑμῖν
760 1433 901 1485 αὖτοϊς
921 1437 978 1485 εἰς
1001 1437 1229 1492 εὐπραγίαν
1255 1433 1460 1492 ὠφέλειάν
1473 1452 1563 1479 τινα
1587 1434 1762 1492 ἔργά-πο

288 1505 462 1546 σασθαι.
499 1501 751 1556 σκεψώμεθα
781 1499 831 1557 δὴ
863 1503 926 1543 ἐπ’
956 1502 1216 1557 ἀμφοτέρων·
1253 1497 1329 1543 κᾶν
1346 1502 1425 1555 μέν
1449 1517 1543 1544 τινα
1570 1502 1712 1544 ἐκτῶν

288 1568 567 1624 εἰργασμένων
593 1562 621 1621 ἢ
646 1568 689 1618 ἐξ
716 1562 773 1608 ὧν
801 1566 923 1609 αὐτοὶ
953 1565 1131 1618 ἐλπίζετε
1159 1564 1378 1620 δυνώμεθα
1404 1566 1553 1623 εὖρεϊν,
1579 1567 1712 1609 ταῦτα
1737 1566 1742 1571 ”

289 1631 484 1688 πράττειν
515 1633 558 1681 ἐξ
587 1625 644 1673 ὧν
678 1626 729 1673 ἂν
762 1633 822 1680 εἷς
857 1633 984 1686 πέρας
1016 1630 1134 1673 ἔλθοι
1165 1630 1218 1672 τὰ
1245 1632 1566 1685 βεβουλευμένα·
1594 1626 1646 1673 ἂν
1669 1631 1712 1672 δ’

167 1709 204 1747 Ρ,
216 1707 284 1746 321
295 1698 487 1747 ἐναντίως
510 1692 705 1751 ἐχονταῆ
732 1693 856 1738 αὐτοὶ
880 1696 1101 1753 ὗπονοῆτε,
1126 1695 1184 1752 μὴ
1210 1695 1334 1750 μόνον
1350 1694 1410 1752 μὴ
1446 1692 1710 1753 ἀφίστασθαι

289 1810 454 1846 tuissent.
499 1807 603 1842 Nunc
624 1808 739 1852 palam
766 1819 866 1848 esse,
891 1819 951 1842 eos
974 1807 1019 1842 de
1043 1808 1088 1842 iis
1114 1807 1235 1854 loqui,
1270 1819 1362 1854 quae
1386 1818 1453 1842 nec
1476 1820 1587 1842 unum
1613 1809 1711 1843 diem

290 1860 374 1889 sunt
397 1855 521 1889 eadem
537 1879 546 1895 ,
572 1855 635 1888 sed
659 1855 754 1888 varie
780 1860 1051 1888 commutantur.
1100 1854 1220 1899 Quare
1246 1860 1283 1888 et
1304 1854 1412 1889 verba
1437 1865 1516 1888 cum
1532 1855 1638 1889 rebus·
1662 1855 1710 1889 ad.

289 1913 413 1935 eorum
437 1902 631 1934 utilitatem
657 1902 854 1944 oportuisse
870 1912 1084 1945 congruere:
1108 1901 1395 1946 admonebatque
1409 1926 1419 1942 ‚
1444 1906 1485 1934 ut
1508 1912 1528 1935 e
1550 1901 1711 1947 pruden-

287 1948 441 1981 tioribus
464 1948 620 1992 aliquem
646 1949 848 1988 mitterent,
872 1958 996 1993 quem,
1023 1947 1111 1992 quid
1134 1949 1220 1991 ipsis
1245 1947 1448 1992 expediret,
1474 1946 1601 1982 docere
1623 1958 1710 1993 pos-

288 2000 356 2031 set.
402 1995 448 2027 Et
469 1995 500 2027 si
537 1993 682 2038 quidem
715 1993 745 2025 is
769 1993 839 2026 sibi
871 1994 1123 2034 assentiretur,
1159 1993 1274 2027 bene:
1307 1995 1363 2027 sin
1395 1999 1536 2035 autem,
1570 2004 1709 2028 rursum

289 2040 341 2073 eis
367 2041 542 2085 integrum
568 2040 665 2079 fore,
697 2050 738 2072 ea
761 2041 957 2085 persequi,
993 2051 1084 2084 quae
1108 2040 1309 2084 profectura
1333 2040 1514 2078 ducerent,
1561 2040 1620 2073 Sic
1642 2040 1708 2073 ille

287 2085 405 2119 verbis
435 2085 694 2130 quodammodo
719 2097 797 2118 cum
826 2086 913 2130 ipsis
937 2086 1165 2123 velitabatur.
1212 2086 1286 2132 Qui
1320 2098 1398 2120 cum
1421 2086 1708 2131 respondissent,

288 2133 456 2165 missuros
485 2132 663 2174 aliquem,
687 2132 717 2164 si
743 2133 895 2165 concilio
926 2133 1136 2178 placuisset,
1161 2131 1335 2177 postridie
1363 2132 1595 2173 {uehar-dum,
1638 2132 1708 2166 Ni-

289 2177 436 2222 cephori
470 2178 734 2222 paedagogum,
769 2180 895 2212 ceteris
930 2179 1148 2213 nobiliorem
1177 2190 1218 2212 ac
1250 2179 1516 2224 prudentiorem
1546 2179 1706 2221 mittunt.

289 2224 502 2268 Congressus
527 2235 605 2257 cum
630 2235 672 2257 eo
697 2235 843 2269 magnus
866 2225 1098 2266 domesticus,
1128 2224 1179 2258 sic
1202 2225 1271 2259 ait:
1307 2225 1494 2258 Neminem
1521 2236 1585 2270 ego
1609 2236 1706 2258 mor-

287 2270 434 2311 talium,
472 2270 544 2303 nisi
566 2282 586 2302 a
608 2275 726 2303 mente
755 2271 1053 2313 desertissimum,
1084 2283 1157 2306 non
1180 2271 1226 2304 ad
1251 2272 1358 2305 finem
1381 2271 1540 2316 aliquem
1562 2272 1602 2304 in
1625 2271 1708 2316 qui-

284 2315 506 2362 buscumque
535 2316 735 2350 actionibus
771 2317 843 2351 suis
881 2318 1056 2362 respicere
1092 2317 1223 2352 iudico.
1273 2316 1379 2363 Quod
1411 2317 1520 2361 igitur
1550 2317 1706 2361 primum

284 2361 393 2395 fidem
434 2361 644 2407 prodidistis
680 2368 716 2396 et
738 2375 834 2397 nunc
858 2365 897 2397 in
921 2363 1112 2398 obsidione
1138 2365 1242 2398 istam
1267 2364 1398 2402 animi,
1425 2374 1517 2408 quae
1543 2363 1706 2404 videtur,

284 2407 514 2441 altitudinem
538 2407 740 2449 adhibetis,
763 2421 836 2443 non
859 2411 929 2443 alia
957 2409 1002 2444 de
1026 2422 1128 2444 causa
1145 2410 1184 2444 id
1205 2411 1320 2444 facere
1332 2420 1393 2443 vos
1407 2414 1572 2449 autumo,
1598 2419 1705 2455 quam

283 2460 328 2488 ut
349 2453 551 2499 Nicephoro
577 2453 745 2499 despotae
771 2457 845 2490 filio
872 2456 917 2489 ad
942 2457 1182 2502 principatum
1203 2461 1239 2490 et
1261 2455 1362 2489 vobis
1386 2455 1474 2500 ipsis
1497 2453 1637 2501 aliquid
1658 2454 1705 2488 ad

283 2501 496 2534 felicitatem
519 2500 716 2535 adiumenti
740 2502 903 2536 afferatis.
951 2504 1040 2548 Ergo
1067 2514 1151 2548 age,
1187 2508 1378 2547 utrumque
1415 2501 1702 2535 consideremus:

283 2548 360 2587 ita,
400 2553 441 2580 ut
473 2546 650 2592 siquidem
677 2559 720 2580 ex
745 2548 790 2581 iis
815 2559 904 2594 quae
929 2549 1022 2583 facta
1047 2554 1152 2589 sunt,
1194 2553 1256 2581 aut
1280 2559 1324 2581 ex
1346 2549 1391 2581 iis
1415 2559 1507 2593 quae
1532 2548 1702 2592 speratis,

283 2593 526 2639 invenerimus
557 2594 760 2639 quippiam,
798 2605 868 2639 quo
894 2596 1056 2629 consulta
1088 2599 1202 2628 vestra
1224 2594 1330 2628 finem
1354 2604 1455 2627 suum
1487 2594 1702 2634 sortiantur,

283 2638 324 2674 id
345 2650 392 2676 ne
415 2640 613 2675 omittatis:
642 2640 695 2675 sin
726 2645 848 2675 contra
870 2641 1111 2679 invenerimus
1126 2665 1137 2684 ,
1173 2652 1279 2688 quam
1301 2651 1362 2679 vos
1385 2640 1637 2686 suspicamini,
1659 2643 1701 2674 ut
