1832 3132
127 419 130 421 Α
205 367 572 433 ΙΩΛΝΝΟΥ
617 376 674 433 T
669 377 764 433 ΟΥ
807 372 1510 439 KANTAKOTZHNOP

551 495 812 537 ΣΤΟΡΙΩΝ
843 495 1114 538 ΒΙΒΛΙΟΝ
1140 498 1195 537 Β.

292 619 688 682 loANle
711 599 715 604 ’
737 602 1423 681 CANTACUZENI

520 737 913 779 HISTORIARUM
941 737 1108 779 LIBER
1137 738 1193 779 Η.

661 906 1064 943 PERIOCHA.

229 998 330 1044 Quid
351 1000 540 1046 superiore
563 999 660 1034 libro
685 1001 899 1035 memorarit
927 995 1090 1046 quidque
1112 999 1280 1045 proxime
1308 999 1478 1045 sequenti
1503 1010 1576 1032 me-

132 1045 348 1080 morandum
369 1048 439 1087 sit,
469 1058 537 1092 per
570 1049 828 1081 transitionem
861 1045 1066 1093 significat.
1125 1046 1279 1090 Nepotis
1303 1053 1482 1090 occupato
1507 1046 1578 1087 By-

132 1095 259 1128 zantio
284 1094 326 1126 in
343 1104 455 1127 avum
473 1104 589 1133 cura,
613 1094 849 1133 reverentia,
879 1092 1019 1131 honos,
1046 1091 1268 1125 liberalitas.
1314 1093 1454 1137 Magno
1474 1092 1578 1136 logo-

132 1139 253 1174 thetae
292 1140 518 1185 ignoscitur.-
559 1139 600 1172 in
628 1148 933 1185 protostratorem
966 1139 1067 1172 urbis
1101 1137 1341 1216 prajsectura
1374 1137 1575 1183 confertur.

131 1185 228 1220 Petit
251 1186 452 1231 imperator·
476 1197 499 1218 a
520 1186 761 1230 patriarcba,
789 1186 846 1219 uti
870 1187 912 1218 in
935 1186 1095 1230 gratiam
1121 1196 1160 1218 re
1189 1192 1248 1218 eat
1278 1196 1356 1218 cum
1382 1184 1575 1229 episcopis,

131 1244 156 1266 a
188 1231 320 1279 quibus
334 1232 470 1278 fiacr-at
493 1230 724 1267 vehementer
747 1231 915 1278 cffinsus.
979 1234 1057 1275 Quo
1081 1239 1191 1275 pacto
1217 1230 1370 1264 Marcus
1397 1229 1577 1264 Caballa-

130 1279 233 1319 rius,
258 1277 539 1313 maledicentiae
563 1279 604 1311 in
628 1279 743 1323 ipsum
767 1289 866 1318 reus,
888 1279 967 1312 eius
986 1285 1180 1322 conspectu
1203 1277 1438 1322 tremefactus
1450 1276 1578 1321 fuerit

131 1332 169 1358 et
185 1324 483 1371 corruerit(Cap.
498 1323 540 1369 ι).
587 1325 709 1359 Mittit
724 1336 790 1358 suo
814 1325 895 1359 loco
919 1335 1088 1369 magnum
1099 1321 1346 1363 domesticum,
1372 1323 1438 1370 qui
1457 1321 1578 1367 patri-

130 1370 282 1405 archam
299 1370 447 1416 flectat.
491 1370 656 1404 Frustra.
704 1372 792 1405 Dies
809 1369 956 1413 Synodo
981 1369 1130 1403 dicitur.
1179 1370 1408 1403 Domesticus
1431 1369 1577 1413 episco-

126 1428 258 1464 porum
286 1425 472 1463 patronus
504 1418 728 1462 supplicibus
763 1417 888 1452 verbis
918 1415 1173 1462 patriarcham
1205 1424 1401 1461 expugnat.
1458 1414 1576 1459 Impe-

130 1465 256 1498 ratori
289 1461 333 1498 de
370 1462 549 1510 beneficio
584 1465 729 1508 gratias
760 1472 882 1497 actum
920 1471 1018 1496 eunt.
1064 1460 1239 1496 Eiusdem
1272 1461 1507 1506 imperatoris
1534 1461 1575 1492 in

129 1510 368 1545 benemeritos
381 1518 566 1556 totamque
584 1511 773 1545 civitatem
790 1510 1049 1556 munificentia
1062 1508 1123 1554 (α).
1171 1509 1378 1541 Moesorum
1396 1508 1437 1540 in
1452 1506 1574 1540 Thra—

130 1557 471 1603 ciam-superiorem,
497 1557 662 1590 vicissim
674 1558 919 1591 Romanorum
932 1558 973 1589 in
983 1556 1159 1589 Moesiam
1175 1555 1378 1599 impressio,
1405 1561 1440 1586 et
1465 1560 1574 1597 capta

128 1602 346 1648 Diampdis.
392 1603 478 1637 Alia
498 1603 706 1636 Moesorum
729 1605 770 1637 in
790 1602 987 1637 Thraciam
1012 1602 1187 1646 irruptio,
1211 1600 1340 1634 Buceli
1362 1599 1571 1644 occupatio,

129 1649 284 1683 Probati
300 1647 454 1683 obsidio.
502 1649 660 1685 Romani
669 1649 807 1696 foedus
820 1650 1001 1682 violatum
1020 1648 1215 1685 obiiciunt,
1240 1646 1359 1679 minas
1373 1647 1571 1678 intentant.

129 1697 276 1730 Moesus
298 1706 447 1729 causam
471 1691 630 1734 indicat,
657 1706 724 1728 cur
742 1704 885 1741 partem
908 1692 952 1727 de
978 1694 1128 1738 imperio
1152 1693 1314 1725 Romano
1338 1691 1410 1724 sibi
1437 1692 1570 1736 cupiat.

132 1741 347 1776 ostenditur
367 1739 582 1786 magnitudo
610 1741 767 1784 Romani
789 1742 986 1779 exercitus,
1012 1751 1087 1784 qua
1111 1739 1262 1772 territus
1279 1738 1426 1771 Moesus
1447 1747 1571 1780 pacem

127 1789 318 1833 promittit.
369 1788 491 1829 Quare
518 1793 591 1820 tam
615 1784 795 1821 audacter
817 1788 859 1819 in
876 1786 1071 1819 Thraciam
1097 1784 1215 1818 Moesi
1236 1781 1496 1828 praedabundi
1515 1783 1570 1814 ir-

129 1841 290 1868 ruerent.
338 1833 524 1867 Romanus
547 1833 673 1872 miles,
707 1833 836 1877 spoliis
860 1843 968 1876 aegre
995 1842 1145 1870 carens,
1175 1840 1334 1873 pugnam
1370 1841 1446 1862 non
1471 1839 1570 1862 com-

128 1881 273 1914 missam
295 1879 405 1914 dolet-
460 1879 747 1923 Redintegratur
778 1880 878 1912 inter
898 1879 1059 1912 Moesum
1093 1885 1129 1910 et
1159 1877 1412 1920 imperatorem
1437 1874 1568 1908 amici-

129 1927 184 1960 tia
195 1925 258 1972 (3).
304 1926 466 1971 Magnus
488 1925 704 1961 domesticus
727 1925 933 1969 Syrgianni
956 1922 1182 1957 tolerabilem
1210 1932 1409 1960 carcerem,
1434 1920 1567 1954 dehinc

127 1973 336 2007 libertatem
360 1981 500 2007 exorat.
548 1974 658 2005 Amor
681 1979 824 2005 mutuus
851 1970 1086 2016 imperatoris
1109 1977 1144 2001 et
1169 1965 1379 2006 domestici,
1410 1968 1478 2013 qui
1506 1965 1567 1998 di-

127 2020 234 2054 visae
256 2020 450 2065 petitionis
468 2020 648 2053 rationem
666 2017 797 2051 reddit.
820 2018 1041 2059 Magistrum
1058 2026 1159 2048 suum
1178 2014 1374 2046 militarem
1392 2013 1564 2046 celebrat.

127 2066 354 2111 Syrgiannes
377 2064 544 2100 custodia
567 2065 750 2099 liberatur
761 2061 825 2109 (4).
872 2064 981 2098 Xena
1007 2062 1240 2107 imperatoris
1257 2067 1374 2092 mater
1394 2072 1417 2092 a
1431 2070 1563 2103 magno

127 2112 324 2147 domestico
351 2125 388 2147 se
413 2114 567 2147 celatam
589 2112 774 2146 irascitur.
827 2111 1002 2144 Germani
1027 2108 1269 2154 pecuniarum
1292 2114 1451 2147 egentes,
1474 2117 1562 2150 pro-

124 2167 209 2206 pter
231 2168 335 2202 vetus
360 2159 555 2206 hospitium
585 2170 664 2192 cum
689 2157 970 2203 imperatoribus
995 2153 1440 2198 constantinopolitanis,
1472 2151 1562 2184 sub-

125 2204 259 2240 sidium
281 2214 435 2251 petunt;
458 2204 525 2239 sed
547 2205 590 2239 ob
614 2205 825 2239 exhaustum
848 2204 1033 2237 aerarium
1058 2201 1155 2234 nihil
1174 2201 1393 2244 impetrant.-
1419 2198 1563 2242 copias-

154 2263 198 2287 ue
233 2254 401 2298 accipere
433 2263 589 2298 quarum
622 2263 734 2285 causa
764 2251 959 2297 pecuniam
990 2257 1112 2294 petere
1138 2245 1380 2284 videbantur,
1417 2244 1557 2277 nolunt.

125 2265 354 2333 Zomesticus
378 2307 486 2344 parte
503 2310 669 2333 onerum
699 2309 846 2331 suorum
879 2294 1103 2342 Apocaucho
1139 2293 1305 2326 humeros
1334 2298 1558 2335 supponente

126 2345 285 2379 levatur.
343 2345 515 2379 Pluribus
552 2342 596 2379 de
623 2346 746 2377 causis
770 2345 968 2389 imperator
997 2342 1164 2384 Cyzicum
1192 2339 1310 2372 vadit.
1373 2338 1454 2370 Pax
1479 2347 1558 2368 cum

126 2392 377 2426 Zamerchane
408 2400 586 2437 satrapa,
620 2390 726 2425 urbes
749 2391 902 2424 orientis
938 2389 1135 2435 infestante
1147 2386 1208 2432 (5).
1268 2386 1337 2418 Res
1361 2382 1557 2416 adversum

125 2439 303 2473 barbaros
324 2439 364 2472 in
377 2438 554 2483 Bithynia
576 2439 687 2472 vario
711 2445 859 2477 eventu,
884 2444 950 2470 nec
973 2437 1051 2469 sine
1076 2434 1318 2468 Romanorum
1341 2431 1464 2476 gloria
1491 2426 1557 2461 ad-

125 2486 336 2520 ministrata
348 2485 414 2530 (6).
475 2485 638 2519 Nuntius
669 2482 721 2517 ad
741 2491 1045 2528 protostratorem
1077 2480 1304 2524 Byzantium.
1363 2477 1487 2509 Naves
1515 2481 1555 2506 ut

125 2532 200 2566 sint
223 2539 381 2578 paratae
407 2531 562 2567 iubetur.
614 2532 744 2565 Castra
777 2527 1035 2564 custodiuntur
1057 2525 1118 2572 (7).
1190 2527 1288 2560 Laus
1308 2524 1554 2558 Romanorum

125 2589 171 2611 ex
194 2589 257 2612 ore
281 2578 444 2612 hostium.
491 2578 600 2613 Senes
621 2578 815 2611 Persarum
843 2587 1015 2622 proceres
1044 2575 1118 2607 loci
1143 2572 1379 2606 mutationem
1412 2566 1557 2600 dissua-

124 2622 213 2657 dent
241 2633 278 2658 et
311 2636 385 2670 qua
421 2626 595 2660 cautione
630 2625 670 2657 in
705 2621 827 2657 eodem
856 2621 1033 2667 infamiae
1057 2618 1238 2654 vitandae
1265 2628 1377 2650 causa
1402 2624 1556 2646 manen-

123 2668 227 2708 dum,
256 2670 470 2705 edisserunt.
522 2672 655 2704 Rumor
680 2669 724 2703 de
750 2669 983 2714 imperatoris
1008 2667 1124 2703 obitu,
1139 2666 1240 2712 suaa
1268 2663 1433 2695 militum.
1482 2659 1555 2690 Im-

120 2723 273 2760 perator
307 2717 655 2762 Constantinopolin
693 2716 806 2750 lembo
842 2714 1106 2750 transducitur.
1171 2709 1278 2756 Apud
1309 2708 1553 2742 Pln'locrenen
