1852 3146
342 93 456 150 206
878 105 1251 150 CANTAcqum

148 235 233 274 Ag,
251 236 341 273 ,326
353 219 496 269 αὐτοῖς
530 216 862 271 εὐδοκιμούντων
890 215 1059 273 κρείττω
1092 213 1321 271 ὁμολογεῖν.
1369 213 1478 269 μετὰ
1509 216 1657 269 μέντοι
1687 213 1788 264 τοὺς

336 286 499 340 γάμους
527 282 668 337 ὀλίγον
700 279 794 326 τινὰ
830 279 990 338 χρόνον
1019 283 1071 340 τῇ
1103 278 1426 325 Κωνσταντίνου
1456 281 1734 339 ἕνδιατρίψας
1763 274 1789 323 ὅ

311 350 438 398 Βνέος
461 345 674 402 βασιλεύς,
703 348 760 404 τῷ
779 350 950 402 βασιλεῖ
968 343 1278 400 συνταξάμενος
1312 344 1387 388 καὶ
1407 344 1588 404 πάππῳ,
1615 343 1707 400 ἅμα
1735 349 1789 404 τῇ
1828 382 1832 390 .

338 414 529 468 βασιλίδι
564 411 674 470 ἐξῄει
697 413 965 465 Βυζαντίου,
1007 408 1064 460 ὥς
1093 411 1152 461 εἷς
1185 409 1489 465 Διδυμὸτειχον
1523 407 1789 468 οἷφιξόμενος.

337 478 543 535 γενομένῳ
577 478 624 519 δὲ
655 478 700 519 ἐν
733 476 876 535 χωρίῳ
911 476 1116 532 Μεγάλην
1143 477 1540 534 προσαγορευομένῳ
1587 474 1814 532 Καρύανῤ

340 541 444 586 κατὰ
483 541 530 585 τὸ
561 543 638 584 τοῦ
667 544 858 598 Λίπηκος
884 540 1103 597 λεγόμενον
1138 536 1258 597 ὅρος,
1296 541 1474 597 Πέρσας
1497 542 1789 598 ἦγγέλθηπε-

346 606 446 659 ζοὺς
469 606 523 650 τοὶ
550 609 641 650 ἐκεῖ
662 610 999 664 κατατρέχοντας
1014 608 1154 663 χωρία
1184 606 1328 664 δῃοῦν.
1365 605 1507 660 οἱμὲν
1534 602 1610 650 οὖν
1635 608 1694 664 τῷ
1710 609 1792 661 βα-

339 677 462 716 -σιλεῖ
479 672 674 722 συνόντες
697 674 957 730 στρατιῶται
984 669 1073 726 ἅμα
1102 673 1156 730 ἕῳ
1179 665 1251 727 τῆς
1280 671 1383 713 ὄδοῧ
1412 670 1629 726 ἐχόμενοι,
1656 672 1715 729 ὥς
1732 669 1793 714 εἶ-

340 755 434 794 χον,
458 733 590 795 ἤνυον
617 734 768 793 αὕτήν·
793 736 994 793 βασιλεὺς
1023 739 1061 779 δ’
1085 734 1176 791 ἅμα
1201 739 1260 794 τῷ
1278 735 1443 795 μεγάλῳ
1466 736 1693 796 δομεστίκφ
1722 738 1798 779 καί

341 819 453 846 τισιν
482 800 784 859 εὖαριθμήτοις
811 800 971 860 ἑτέροις
1005 802 1226 845 ὑπελίπετο
1255 799 1446 854 κατόπιν,
1476 799 1671 858 θηρεύων
1702 798 1847 856 ἅματο

279 912 281 917 f
342 866 499 923 μεταξὺ
525 870 600 921 τῆς
623 866 877 926 ὁδοιπορίαις.
929 866 990 917 ὦς
1016 869 1062 909 δὲ
1084 867 1110 923 ἦ
1137 865 1289 924 ἔφοδος
1315 863 1497 924 ἠγγέλθη
1521 867 1606 915 τῶν
1628 865 1794 923 βαρβά-

329 932 454 990 ρων,
481 931 585 990 πρὸς
611 935 691 987 μὲν
707 931 806 983 τοὺς
830 931 1089 990 στρατιώτας
1116 931 1280 988 ἔπεμψε
1301 931 1375 975 τὸν
1394 934 1572 990 ἐροῦντα
1596 928 1794 989 ἀναστρέ-

319 1010 453 1056 οφειν
483 999 539 1049 ὥς
570 991 865 1053 μαχουμένους
897 1005 984 1049 τοῖς
1009 998 1256 1056 βαρβάροις.
1294 995 1422 1048 αὐτὸς
1452 999 1499 1040 δ’
1521 994 1611 1052 ἅμα
1642 999 1701 1057 τῷ
1718 1013 1796 1052 με-

344 1066 456 1122 γάλῳ
485 1056 713 1121 δομεστίκῳ
735 1065 822 1106 δεῖν
843 1062 1028 1118 ἔγνωσαν
1051 1062 1156 1117 μετά
1180 1065 1265 1107 τῶν
1304 1062 1513 1107 συνόντων
1543 1064 1590 1107 ἐν
1611 1059 1674 1114 οἷς
1693 1063 1797 1115 ἐπύ-

345 1133 475 1172 θοντο
498 1128 596 1179 τούς
616 1131 795 1186 Πέρσας
816 1125 923 1173 εἶναι
949 1132 1124 1186 χωρίοις
1150 1131 1370 1184 γενέσθαι,
1398 1128 1660 1185 ἑκατέρωθεν
1683 1129 1851 1183 λογι-ι·5

349 1195 522 1249 σάμενοι
551 1197 598 1238 ἐν
630 1197 689 1252 τῷ
716 1191 907 1252 ἆσφαλεῑ·
926 1194 1112 1249 ἔσεσθαι,
1140 1194 1213 1239 ἐὰν
1237 1194 1388 1245 αὐτοὺς
1413 1196 1554 1253 συμβῇ
1583 1200 1672 1245 τοῖς
1691 1197 1799 1250 βαρ-

348 1259 493 1317 βάροις
523 1266 756 1315 συντυχεῖν.
786 1259 861 1304 ἐάν
890 1277 937 1304 τε
960 1260 1039 1318 γὰρ
1065 1261 1370 1317 εὕεπιχείρητοι
1412 1248 1591 1319 φανῶσι,
1615 1260 1719 1319 ῥᾷον
1747 1254 1800 1303 ἂν

349 1323 684 1381 κατεργάσεσθαι
714 1325 761 1369 τὸ
787 1325 928 1382 ἔργον,
957 1326 1032 1370 ἐάν
1062 1343 1108 1370 τε
1132 1328 1404 1384 ’ὑπερέχοντες
1430 1329 1663 1384 φαίνωνται
1691 1323 1796 1375 πολι)

352 1387 496 1433 αὖτῶν
528 1390 587 1442 ὥς
615 1390 674 1447 μή
706 1388 896 1448 οἷσφαλὲς
933 1389 1041 1435 εἶναι
1080 1394 1371 1435 καθίστασθαι
1399 1392 1460 1441 εἷς
1490 1391 1652 1447 μάχην,
1689 1388 1798 1444 μετοὶ

349 1455 499 1505 οἷδείας
530 1456 848 1507 ἀπαλλάξεσθαι
883 1458 1025 1501 αὐτῶν
1058 1456 1235 1514 ἔφιπποι
1275 1452 1402 1508 ὄντες·
1419 1458 1568 1509 πεζῶν.
1611 1457 1852 1518 προπέμ-αο

346 1533 503 1577 ψαντες
533 1523 579 1564 δὲ
604 1522 747 1564 αῧτῶν
777 1539 891 1574 τινας
914 1520 1022 1566 ὥστε
1046 1523 1096 1566 τὰ
1124 1523 1362 1580 ἔμπροσθεν
1388 1518 1578 1576 σκοπεῖν,
1597 1518 1800 1577 ,ἐβάδιζον

348 1584 476 1630 advoc
504 1585 677 1630 κατόπιν
699 1585 967 1642 ὠπλισμένοι.
1007 1587 1045 1631 οἱ
1067 1588 1276 1644 βάρβαροι
1307 1590 1354 1631 δὲ
1377 1588 1452 1638 τοὶς
1475 1591 1553 1643 μὲν
1576 1589 1799 1645 τετριμμέ-

348 1668 426 1702 νας
445 1653 687 1695 παντοὶπασι
713 1654 920 1702 ἐξέκλιναν
942 1654 1090 1704 ὁδούς·
1119 1655 1174 1696 δι’
1192 1651 1364 1709 οἷβάτων
1390 1655 1438 1696 δὲ
1467 1655 1638 1709 χωρίων
1667 1651 1802 1702 ἰόντες

355 1714 413 1766 ὥς
441 1716 746 1772 ἐπιθησόμενοί
757 1733 845 1775 τισι
864 1720 949 1762 τῶν
969 1716 1120 1761 αὗτόθι
1140 1718 1434 1773 κατοικούντων
1449 1752 1462 1774 ,
1487 1716 1588 1769 τοὺς
1606 1719 1685 1772 μὲν
1704 1733 1802 1760 σκο-

314 1779 466 1831 punias
499 1779 651 1823 ἔλαθον
677 1783 985 1839 παρελθόντας,
1026 1783 1223 1841 ἐξαίφνης
1254 1785 1300 1828 δὲ
1331 1784 1431 1840 μήτ’
1457 1782 1581 1826 αὐτοὶ
1609 1781 1852 1840 προϊδόν-αᾶ

353 1899 522 1940 agnatam
554 1894 737 1940 quandam
769 1896 808 1928 in
833 1896 880 1930 iis
896 1936 899 1940 ,
915 1896 1167 1932 dexteritatem
1193 1899 1270 1932 eius
1294 1898 1487 1940 admirati,
1518 1895 1616 1942 apud
1640 1907 1723 1930 suos
1748 1895 1806 1929 vel

353 1941 611 1975 laudatissimis
636 1943 858 1986 superiorem
882 1944 1034 1978 evasisse
1058 1956 1133 1978 non
1156 1950 1349 1990 negarent..
1386 1945 1554 1978 Ceterum
1586 1955 1661 1977 non
1687 1942 1803 1976 multo

350 1992 438 2033 post
473 1988 618 2032 nuptias
645 1987 851 2022 valedicens
884 2001 967 2031 avo,
1005 2002 1085 2024 cum
1110 1991 1267 2036 Augusta
1288 1989 1586 2035 Didymotichum
1620 1989 1805 2034 profectus

354 2038 420 2067 est.
471 2033 559 2066 Cum
583 2035 742 2068 venisset
776 2033 823 2067 ad
855 2035 975 2069 locum
999 2037 1130 2082 Magna
1153 2038 1268 2082 Carya
1293 2037 1449 2078 dictum,
1482 2036 1528 2070 ad
1557 2040 1718 2070 montem
1740 2035 1805 2068 Li—

353 2079 453 2159 ffiecis
466 2079 700 2124 appellatum,
725 2080 868 2123 didicit,
880 2083 1000 2116 Persas
1023 2083 1163 2127 pedites
1180 2085 1406 2118 vicinitatem
1427 2083 1613 2118 hostiliter
1634 2081 1806 2127 diripere.

396 2127 494 2158 ilites
519 2127 630 2171 igitur
664 2128 918 2172 imperatorem
942 2135 1134 2175 sequentes
1149 2155 1159 2172 ‚
1187 2132 1312 2176 ‘prima
1334 2131 1415 2164 luce
1438 2132 1535 2164 viam
1558 2128 1776 2174 capessendo
1791 2152 1803 2168 ,

355 2177 399 2206 ut
424 2177 616 2216 poterant,
647 2173 868 2218 pergebant,
900 2185 956 2216 eo,
983 2177 1155 2230 quoniam
1179 2189 1259 2210 cum
1282 2188 1411 2223 magno
1439 2176 1636 2211 domestico
1659 2174 1805 2220 paucis-

356 2229 430 2263 que
463 2218 545 2251 aliis
582 2217 629 2251 ad
658 2219 752 2252 feras
781 2220 889 2253 simul
925 2233 970 2255 ex
993 2223 1125 2258 itinere
1160 2224 1350 2268 captandas
1378 2221 1636 2263 declinaverat,
1659 2233 1680 2254 a
1701 2226 1803 2265 tergo

355 2265 495 2298 relicto.
533 2264 669 2298 Verum
692 2266 758 2299 ubi
784 2265 829 2300 de
854 2268 1057 2313 irruptione
1081 2271 1262 2315 cognovit,
1288 2270 1336 2304 ad
1358 2272 1513 2316 pugnam
1536 2279 1617 2302 cum
1639 2267 1804 2301 barbaris

355 2310 557 2344 ineundam
592 2322 653 2344 eos
685 2315 885 2355 revocavit,
919 2319 1195 2362 statueruntque
1224 2317 1302 2361 ipse
1330 2321 1367 2350 et
1388 2327 1536 2362 magnus
1566 2313 1804 2355 domesticus,

359 2362 528 2401 oportere
553 2368 633 2390 cum
655 2358 777 2403 globo,
803 2371 911 2405 quem
933 2359 1136 2404 haberent,
1169 2373 1224 2404 eo,
1246 2363 1312 2396 ubi
1333 2364 1454 2397 Persas
1484 2371 1562 2396 esse
1586 2359 1807 2402 audiebant,

360 2414 570 2446 occurrere3
602 2406 693 2445 rati,
730 2407 866 2439 utrovis
899 2407 1005 2441 modo
1035 2419 1073 2442 se
1108 2414 1205 2442 tutos
1243 2409 1331 2442 fore.
1380 2409 1462 2442 sive
1492 2417 1648 2452 namque
1680 2407 1805 2440 invasu

359 2449 485 2483 faciles
510 2450 775 2494 reperirentur,
810 2464 901 2497 opus
932 2455 1034 2487 nullo
1058 2454 1183 2488 labore
1208 2456 1411 2488 confectum
1435 2456 1502 2488 iri:
1538 2454 1613 2487 sive
1637 2452 1806 2487 Romanis

362 2496 479 2530 multo
515 2498 778 2531 numerosiores
810 2498 1042 2541 viderentur,
1077 2506 1118 2534 ut
1152 2500 1197 2534 ad
1220 2512 1346 2535 manus
1383 2512 1465 2535 cum
1490 2501 1536 2533 iis
1560 2500 1685 2533 venire
1707 2498 1807 2532 haud

362 2547 482 2575 tutum
516 2547 630 2583 esset,
665 2543 762 2588 ipsos
797 2544 837 2577 in
872 2546 976 2591 equis
1007 2547 1157 2590 impune
1187 2547 1302 2581 Persis
1332 2547 1519 2592 peditibus
1556 2545 1654 2579 elabi
1688 2555 1804 2590 posse.

362 2589 491 2635 Itaque
514 2588 719 2633 praemissis
747 2591 1045 2636 speculatoribuS,
1069 2593 1196 2627 armati
1219 2593 1475 2641 sequebantur.
1526 2591 1574 2626 At
1601 2592 1698 2626 enim
1721 2590 1806 2625 bar-

360 2634 443 2668 bari
467 2635 553 2668 trita
575 2636 708 2670 itinera
743 2638 958 2671 omnimodis
992 2639 1170 2684 fugientes
1210 2651 1276 2686 per
1306 2640 1477 2686 inviaque
1530 2637 1731 2677 radientes,
1761 2641 1805 2671 ut

361 2681 403 2716 in
419 2681 570 2723 ,iuomm
591 2680 753 2719 locorum
775 2684 912 2719 incolas
933 2685 1148 2728 involarent,
1172 2691 1210 2721 et
1231 2686 1278 2721 ab
1295 2687 1513 2734 exploraturi
1540 2690 1583 2720 ns
1605 2683 1806 2732 praeteriti,
