1832 3132
327 77 438 144 432
863 89 1231 133 CANTAcqum

132 197 174 234 Δ.
184 200 222 237 C.
240 193 665 251 ιδδοπροβαλλομένων
673 224 686 244 ,
714 187 738 232 ὅ
754 191 883 246 μέγας
911 192 1148 244 ὃομέστικος
1168 192 1441 252 συνεβούλευε
1465 193 1753 250 stantun-‘tor

324 256 599 315 πρεσβύτερον
622 253 813 310 Ἰωάννην
839 256 1057 307 ἀποδεῖξαι
1083 256 1364 314 πατριάρχην,
1392 255 1438 301 ὃν
1461 260 1535 314 τῆς
1567 253 1754 316 selamim

294 326 405 378 Βμὲν
424 320 522 365 ὄντα
552 320 706 371 πόλεως
732 322 902 377 πολίτην
925 324 999 364 καί
1016 323 1061 373 ἐξ
1081 317 1274 379 ἆσήμων,
1308 323 1405 380 περὶ
1428 325 1477 366 δὲ
1500 322 1576 380 τὴν
1601 318 1755 382 lopun-

322 387 397 443 κὴν
417 386 675 442 λειτουργίαν
697 385 881 440 μάλιστα
901 388 1098 430 δοκοῦντα
1130 386 1241 442 ἔχειν
1269 386 1460 445 εὐφυῶς,
1490 386 1512 430 ὅ
1535 390 1756 445 μέγαςὸο-

320 455 512 507 μέστικος
548 453 752 510 ἐνέγραψε
783 457 868 502 τοῖς
912 451 1076 502 οἰκείοις
1108 452 1181 495 καί
1218 452 1330 510 περὶ
1347 448 1424 511 ’τήν
1458 453 1578 512 ἱερὰν
1604 456 1780 511 ἑχρῆτοό

322 519 479 573 ταύτην
505 518 778 571 λειτουργίαν.
831 513 1006 573 ὕστερον
1034 519 1081 560 δὲ
1105 518 1154 560 οὔ
1179 520 1314 576 πολλῷ
1341 512 1488 575 χρείας
1507 521 1754 576 γενομένης,

320 585 375 641 τῷ
402 584 608 639 βασιλικῷ
641 583 843 638 ἐνέγραψε
875 581 1034 641 κλήρῳ,
1072 584 1202 639 μηδὲν
1226 585 1310 626 τῶν
1337 586 1443 640 παρ’·
1468 583 1598 627 affro&
1626 600 1756 640 χορη-

198 650 536 705 ναιαγουμένων
561 645 778 703 προσόδων
795 647 1077 703 ἀποστερήσας
1085 683 1098 702 ,
1130 649 1220 690 ἀλλ’
1239 650 1415 697 ἐκείναις
1437 647 1516 700 τὰς
1537 647 1757 703 βασιλικὰς

321 711 533 769 προσθείς.
587 710 659 753 καὶ
697 712 897 755 διετέλεσέ
930 728 976 767 γε
1007 714 1129 755 κοῖκεῖ
1146 710 1244 768 περὶ
1277 710 1330 755 τὰ
1357 713 1532 756 τοιαῦτα
1560 705 1755 767 ,μάλιστα

320 779 552 830 εὐδοκιμῶν
587 777 660 818 καί
696 774 767 818 διὰ
806 779 916 819 τοῦτ’
943 777 1127 819 ἀπέλαυε
1176 779 1250 832 τῆς
1289 778 1495 832 βασιλέως
1527 774 1808 832 εὖμενειαςαο

322 841 516 899 βασιλεὺς
545 843 592 884 δὲ
618 842 756 899 ἐπῄνει
783 858 826 884 τε
850 840 923 884 τὸν
946 841 1066 897 λόγον
1084 841 1157 884 καὶ
1183 843 1448 899 ἐπιχειρητέα
1474 841 1610 898 ἔλεγεν
1630 838 1756 898 εἶναι,

277 908 404 964 (Ξεῖγε
439 909 675 963 ἀνυσθῆναι
709 905 897 949 δυνατόν.
944 906 1002 957 ὥς
1031 909 1077 950 δὲ
1110 914 1196 957 τοῖς
1227 912 1384 958 λοιποῖς
1410 907 1651 966 ἀρχιερεῦσι
1681 907 1755 951 τὸν
1816 920 1817 923 ’

317 972 417 1030 περὶ
438 971 585 1015 τούτου
609 972 816 1028 προσῆγον
835 971 977 1026 λόγον,
1007 970 1047 1014 οἱ
1072 975 1151 1027 μὲν
1172 969 1304 1022 εὐθὺς
1325 969 1462 1030 ὥσπερ
1491 970 1575 1016 «ind
1595 971 1755 1030 o’vvsttj—
1797 980 1801 983 ’

317 1053 451 1092 ματος
480 1037 631 1086 πάντες
667 1037 915 1080 ἀπωθοῦντο
956 1038 1028 1079 καί
1055 1038 1154 1080 οῦδὲ
1180 1036 1395 1094 ἠνείχοντο
1425 1040 1508 1082 τῶν
1538 1040 1638 1096 περὶ
1656 1036 1755 1082 τού-

318 1119 393 1145 του
432 1100 578 1156 λόγων·
647 1099 847 1155 βασιλευς
882 1104 929 1145 δὲ
951 1098 1106 1152 αὖτοὺς
1125 1099 1257 1152 οὕτως
1278 1099 1382 1158 ἄγαν
1401 1102 1511 1159 ὁρῶν
1539 1105 1821 1158 §strumas-152

319 1184 439 1220 νους,
468 1169 525 1224 τῷ
550 1165 715 1223 μεγάλῳ
744 1166 968 1224 ὃομεστίκῳ
992 1165 1068 1223 την
1084 1166 1181 1224 περὶ
1203 1168 1354 1210 τούτου
1378 1167 1636 1225 ἐπιχείρησιν
1658 1169 1753 1212 ἐπέ-

318 1249 480 1289 τρεπεν.
534 1229 556 1272 ὅ
587 1233 633 1273 δὲ
665 1227 789 1273 οὐδὲν
817 1231 1026 1287 μελλήσας
1059 1231 1277 1288 ἐκκλησίαν
1299 1232 1572 1290 συνήθροιζεν
1590 1236 1640 1278 ’ἐκ
1669 1236 1751 1276 τῶν
1787 1259 1793 1265 ·

320 1299 549 1354 ἀρχιερέων
579 1297 622 1338 ἐν
639 1296 698 1353 τῷ
725 1297 808 1338 ταῖν
827 1299 954 1339 θείων
974 1296 1214 1340 ἀποστόλων
1234 1301 1428 1355 Χριστοῦ
1449 1301 1526 1357 νεῷ
1537 1332 1551 1353 ,
1588 1298 1660 1342 καὶ
1677 1307 1752 1341 κἀ-

320 1360 478 1411 ταστὰς
507 1363 566 1409 εἰς
585 1359 755 1415 λόγους,
784 1362 987 1418 ἐπεχείρει
1006 1362 1189 1416 πείθειν,
1218 1363 1275 1414 ὥς
1294 1366 1364 1406 δεῖ
1375 1365 1446 1407 τὸν
1474 1363 1752 1422 πρεσβύτερον

321 1426 506 1481 Ιωάννην
532 1427 603 1468 ἐπὶ
619 1424 666 1467 τὸ
689 1425 952 1482 πατριάρχην
974 1429 1176 1482 δέχεσθαι
1195 1431 1474 1485 ψηφίζεσθαι·
1505 1427 1546 1470 οἱ
1571 1430 1610 1471 δ’
1635 1428 1825 1489 οἷντε-αοἸ

320 1491 567 1546 πεχείρουν,
596 1490 653 1541 ὥς
683 1486 779 1532 οὔτε
811 1493 993 1546 δίκαιον,
1033 1488 1124 1535 οὔτε
1158 1495 1365 1543 λυσιτελὲς
1394 1490 1447 1536 ἂν
1477 1495 1529 1551 τῇ
1558 1492 1751 1551 ἐκκλησίᾳ
1823 1501 1825 1509 ’

321 1555 385 1612 εἴη
412 1557 487 1598 τοῦ
523 1557 638 1598 θεοῦ.
694 1558 856 1598 πολλῶν
884 1558 929 1599 δὲ
963 1559 1008 1608 ἐξ
1030 1554 1228 1614 ἑκατέρου
1260 1562 1416 1614 μέρους
1433 1559 1566 1612 λόγων
1584 1559 1752 1613 εἷρημέυ

280 1631 422 1676 Βνων,
441 1623 556 1671 τέλος
576 1620 807 1676 ἀνέστησαν
818 1620 1067 1678 ἀσύμφωνοι
1089 1629 1182 1673 ταῖς
1201 1621 1399 1678 γνώμαις,
1426 1624 1511 1665 τῶν
1524 1623 1609 1676 μὲν
1621 1624 1752 1665 οὖδα-

1818 1593 1826 1637 d

412 1709 574 1754 65015152
602 1711 692 1743 coni.
718 1709 835 1744 ED.P.
910 1711 1140 1756 ι3.προσῆγε
1163 1712 1278 1756 Intpr.
1342 1715 1396 1750 18.
1420 1709 1662 1747 ’Λποστόλων
1679 1714 1748 1747 i.e.

412 1757 508 1791 Petri
532 1763 568 1790 et
583 1757 696 1793 Pauli.
743 1756 931 1800 Templum
944 1757 1036 1790 illud
1052 1757 1278 1792 Constantini
1305 1769 1407 1803 opus,
1432 1759 1471 1792 in
1497 1770 1626 1805 eoque,
1647 1765 1689 1794 ut
1711 1765 1750 1794 et

413 1802 552 1836 Helena
574 1809 710 1844 mater,
734 1803 896 1848 sepultus
921 1808 993 1846 cst3
1019 1803 1064 1837 de
1088 1815 1131 1838 eo
1156 1805 1456 1849 saepiusZonaras
1482 1806 1548 1844 lib.
1558 1808 1590 1841 3.
1614 1806 1688 1840 En.
1710 1807 1746 1841 P.

322 1870 362 1903 in
388 1871 600 1904 sacerdotali
626 1871 828 1905 ministerio
857 1871 1112 1905 dexterrimum
1138 1877 1175 1906 et
1198 1873 1243 1906 ad
1267 1873 1306 1907 id
1330 1873 1748 1916 accommodatissimum,

322 1917 418 1950 idem
441 1917 656 1950 domesticus
685 1918 781 1951 inter
806 1929 887 1951 suos
917 1917 1133 1953 domesticos
1164 1919 1418 1964 adscripscrat,
1460 1921 1522 1967 qui
1547 1921 1619 1954 sibi
1643 1931 1664 1953 a
1688 1932 1748 1955 sa-

323 1963 390 1996 cris
423 1968 526 2000 esset.
585 1963 666 1997 Non
691 1964 754 1997 diu
781 1970 884 2008 post,
914 1976 992 1997 cum
1018 1965 1068 1998 ita
1093 1977 1176 1998 usus
1202 1972 1386 2011 posceret,
1411 1967 1450 2000 in
1474 1967 1606 2000 clerum
1629 1968 1747 2012 impe-

322 2010 450 2042 ratoris
478 2008 643 2042 eumdem
667 2011 870 2054 cooptavit,
896 2011 1105 2054 pensionem
1129 2023 1228 2045 suam
1255 2013 1290 2046 ei
1313 2014 1582 2060 relinquens-et
1601 2013 1748 2059 insuper

321 2055 554 2098 imperatoria
578 2056 752 2100 pensione
780 2056 974 2089 cumulans.
1036 2058 1092 2090 Ibi
1118 2069 1262 2105 quoque
1287 2071 1427 2104 semper
1449 2059 1544 2093 bene
1568 2059 1686 2094 audiit
1710 2065 1748 2094 et
1824 2101 1832 2110 α

323 2101 544 2144 imperatoris
579 2103 727 2146 gratiam
761 2107 815 2135 est
846 2108 1078 2138 consecutus:
1121 2106 1183 2150 qui
1218 2107 1410 2140 consilium
1444 2105 1611 2151 probavit
1633 2107 1748 2140 etita
1818 2112 1832 2149 ,ξ

322 2147 533 2180 faciundum
562 2147 672 2188 dixit,
708 2148 737 2180 si
770 2148 877 2182 modo
912 2150 1035 2193 perfici
1070 2151 1193 2194 possit.
1251 2152 1320 2185 Ubi
1358 2152 1403 2186 ad
1427 2153 1612 2197 episcopos
1639 2163 1747 2197 super
1822 2154 1832 2161 “’

323 2204 367 2226 eo
393 2194 538 2234 retulit,
577 2195 634 2226 illi
667 2195 788 2227 statim
822 2195 923 2240 quasi
959 2198 1243 2241 conspirassent,
1281 2198 1328 2232 ad
1351 2210 1463 2232 unum
1489 2209 1612 2233 omnes
1634 2199 1747 2232 reniti

320 2250 441 2284 neque
476 2239 600 2273 audire
630 2241 733 2273 velle.
797 2242 994 2284 Imperator
1032 2254 1146 2288 usque
1182 2245 1272 2278 adeo
1304 2249 1541 2290 repugnantes
1577 2255 1745 2286 cernens,

320 2286 505 2329 negotium
531 2297 655 2330 magno
681 2286 876 2321 domestico
909 2290 1124 2330 committit,
1158 2292 1222 2335 qui
1246 2290 1339 2323 nihil
1362 2296 1568 2331 cunctatus,
1602 2292 1744 2335 episco-

319 2341 446 2374 porum
472 2332 510 2365 in
536 2338 737 2365 sanctorum
758 2334 1001 2378 apostolorum
1021 2336 1154 2380 templo
1176 2342 1389 2370 conventum
1409 2337 1498 2382 agit3
1523 2337 1576 2370 ibi
1598 2348 1744 2370 exorsus

319 2377 446 2422 loqui,
470 2379 661 2423 impetrare
686 2379 730 2412 ab
756 2380 829 2413 illis
857 2380 1018 2422 laborat,
1042 2384 1097 2415 uti
1121 2382 1290 2416 Ioannem
1315 2394 1380 2427 pro
1404 2381 1605 2428 patriarcha
1628 2384 1744 2416 susci-

319 2422 495 2468 piendum
529 2424 731 2458 decernant.
796 2427 855 2458 Illi
889 2433 1011 2461 contra
1043 2439 1222 2470 asserere,
1262 2428 1301 2461 id
1323 2440 1443 2475 neque
1467 2429 1598 2462 iustum
1623 2439 1742 2474 neque

320 2469 493 2503 ecclesiae
516 2471 586 2503 Dei
610 2471 818 2514 frngiferum
844 2472 929 2505 sore.
977 2475 1103 2508 Multis
1133 2475 1177 2508 ab
1202 2480 1356 2522 utraque
1380 2480 1480 2519 parte
1505 2472 1628 2514 dictis,
1659 2480 1742 2509 tan-

321 2515 402 2548 dem
429 2523 599 2562 surgunt,
634 2517 918 2562 discrepantibus
949 2521 1161 2562 sententiis,
1201 2520 1286 2554 dum
1309 2521 1349 2555 hi
1372 2531 1595 2566 nequaquam
1619 2521 1741 2555 feren-

321 2562 407 2595 dum
432 2564 660 2604 existimant,
695 2565 792 2597 vitae
825 2566 917 2597 curis
946 2566 1185 2610 implicitum,
1222 2568 1324 2600 uxori
1359 2571 1396 2599 et
1419 2566 1502 2600 filiis
1523 2566 1741 2601 >cohabitan-

320 2613 418 2647 tem‚
449 2609 488 2643 in
521 2610 793 2644 excelsissimam
826 2612 1023 2655 magisterii
1057 2613 1260 2647 cathedram
1296 2611 1465 2655 evehere3
1503 2613 1568 2647 ille
1602 2614 1652 2647 sic
1679 2625 1740 2647 eos

321 2654 480 2688 refellit:
527 2656 565 2689 Si
589 2656 726 2703 alioqui
750 2655 797 2689 ad
820 2655 915 2690 hanc
938 2658 1159 2693 functionem
1183 2657 1337 2692 idoneus
1361 2663 1399 2692 et
1421 2657 1557 2693 habilis
1583 2661 1648 2701 eit3
1671 2658 1740 2694 hoe
