<?xml version="1.0" encoding="UTF-8"?>
<!DOCTYPE html PUBLIC "-//W3C//DTD XHTML 1.0 Transitional//EN"
    "http://www.w3.org/TR/xhtml1/DTD/xhtml1-transitional.dtd">
<html xmlns="http://www.w3.org/1999/xhtml" xml:lang="en" lang="en">
 <head>
  <title>
</title>
<meta http-equiv="Content-Type" content="text/html;charset=utf-8" />
  <meta name='ocr-system' content='tesseract 3.04.00' />
  <meta name='ocr-capabilities' content='ocr_page ocr_carea ocr_par ocr_line ocrx_word'/>
</head>
<body>
  <div class='ocr_page' id='page_1' title='image "./corpusscriptorum23niebuoft_0238.png"; bbox 0 0 1852 3146; ppageno 0'>
   <div class='ocr_carea' id='block_1_1' title="bbox 342 116 1231 189">
    <p class='ocr_par' dir='ltr' id='par_1_1' title="bbox 342 116 1231 189">
     <span class='ocr_line' id='line_1_1' title="bbox 342 116 1231 189; baseline 0.002 -19"><span class='ocrx_word' id='word_1_1' title='bbox 342 116 448 189; x_wconf 84' lang='lat'><strong>196</strong></span> <span class='ocrx_word' id='word_1_2' title='bbox 860 116 1231 174; x_wconf 72' lang='lat' dir='ltr'>CANTACUZEM</span> 
     </span>
    </p>
   </div>
   <div class='ocr_carea' id='block_1_2' title="bbox 129 222 1823 1780">
    <p class='ocr_par' dir='ltr' id='par_1_2' title="bbox 138 222 1767 417">
     <span class='ocr_line' id='line_1_2' title="bbox 138 222 1765 290; baseline 0.003 -19"><span class='ocrx_word' id='word_1_3' title='bbox 138 236 318 283; x_wconf 71' lang='lat' dir='ltr'><strong>A.C.1324</strong></span> <span class='ocrx_word' id='word_1_4' title='bbox 331 232 543 288; x_wconf 77' lang='grc' dir='ltr'><em>πρωτείων</em></span> <span class='ocrx_word' id='word_1_5' title='bbox 560 227 885 272; x_wconf 67' lang='grc' dir='ltr'><strong><em>ἀντιποιεῖσθαι·</em></strong></span> <span class='ocrx_word' id='word_1_6' title='bbox 909 229 1003 270; x_wconf 79' lang='grc' dir='ltr'><strong><em>ἐπεὶ</em></strong></span> <span class='ocrx_word' id='word_1_7' title='bbox 1034 230 1095 283; x_wconf 80' lang='grc' dir='ltr'><strong>δὲ,</strong></span> <span class='ocrx_word' id='word_1_8' title='bbox 1117 230 1373 283; x_wconf 74' lang='grc' dir='ltr'><strong><em>βουλομένου</em></strong></span> <span class='ocrx_word' id='word_1_9' title='bbox 1387 231 1504 284; x_wconf 82' lang='grc' dir='ltr'><strong><em>θεοῦ,</em></strong></span> <span class='ocrx_word' id='word_1_10' title='bbox 1531 222 1607 274; x_wconf 58' lang='lat' dir='ltr'><strong>abac*</strong></span> <span class='ocrx_word' id='word_1_11' title='bbox 1619 223 1765 290; x_wconf 57' lang='lat' dir='ltr'><strong>&#39;putcoss-</strong></span> 
     </span>
     <span class='ocr_line' id='line_1_3' title="bbox 327 290 1765 350; baseline 0.001 -12"><span class='ocrx_word' id='word_1_12' title='bbox 327 311 395 345; x_wconf 92' lang='grc' dir='ltr'><strong>νος</strong></span> <span class='ocrx_word' id='word_1_13' title='bbox 419 294 536 349; x_wconf 81' lang='grc' dir='ltr'><strong><em>δόξης</em></strong></span> <span class='ocrx_word' id='word_1_14' title='bbox 564 295 636 336; x_wconf 85' lang='grc' dir='ltr'>καί</span> <span class='ocrx_word' id='word_1_15' title='bbox 656 294 793 349; x_wconf 79' lang='grc' dir='ltr'><strong><em>ἄρχῆς</em></strong></span> <span class='ocrx_word' id='word_1_16' title='bbox 817 290 1040 347; x_wconf 78' lang='grc' dir='ltr'><strong><em>ἐπελάβετο</em></strong></span> <span class='ocrx_word' id='word_1_17' title='bbox 1069 294 1096 350; x_wconf 82' lang='grc' dir='ltr'><strong><em>ἦ</em></strong></span> <span class='ocrx_word' id='word_1_18' title='bbox 1119 293 1281 350; x_wconf 81' lang='grc' dir='ltr'><strong><em>οἷδελφῆ</em></strong></span> <span class='ocrx_word' id='word_1_19' title='bbox 1297 328 1311 348; x_wconf 82' lang='grc'><strong><em>,</em></strong></span> <span class='ocrx_word' id='word_1_20' title='bbox 1340 296 1433 337; x_wconf 87' lang='grc' dir='ltr'><strong><em>δέον</em></strong></span> <span class='ocrx_word' id='word_1_21' title='bbox 1453 293 1562 338; x_wconf 81' lang='grc' dir='ltr'><strong><em>εἶναι</em></strong></span> <span class='ocrx_word' id='word_1_22' title='bbox 1582 296 1657 340; x_wconf 72' lang='grc' dir='ltr'><strong>καὶ</strong></span> <span class='ocrx_word' id='word_1_23' title='bbox 1685 297 1765 340; x_wconf 77' lang='grc' dir='ltr'><strong><em>αὖ·-</em></strong></span> 
     </span>
     <span class='ocr_line' id='line_1_4' title="bbox 329 357 1767 417; baseline 0.001 -14"><span class='ocrx_word' id='word_1_24' title='bbox 329 359 400 403; x_wconf 87' lang='grc' dir='ltr'><strong><em>τὸν</em></strong></span> <span class='ocrx_word' id='word_1_25' title='bbox 427 359 612 414; x_wconf 80' lang='grc' dir='ltr'><em>στέργειν</em></span> <span class='ocrx_word' id='word_1_26' title='bbox 648 357 700 400; x_wconf 78' lang='grc' dir='ltr'><strong>τὰ</strong></span> <span class='ocrx_word' id='word_1_27' title='bbox 725 359 995 414; x_wconf 79' lang='grc' dir='ltr'><strong><em>ἐψηφισμένα</em></strong></span> <span class='ocrx_word' id='word_1_28' title='bbox 1031 357 1146 415; x_wconf 82' lang='grc' dir='ltr'><strong><em>παρὰ</em></strong></span> <span class='ocrx_word' id='word_1_29' title='bbox 1178 360 1295 412; x_wconf 77' lang='grc' dir='ltr'><strong><em>θεοῦ,</em></strong></span> <span class='ocrx_word' id='word_1_30' title='bbox 1331 361 1405 401; x_wconf 80' lang='grc' dir='ltr'>καί</span> <span class='ocrx_word' id='word_1_31' title='bbox 1430 359 1580 417; x_wconf 78' lang='grc' dir='ltr'><strong><em>κυρίαν</em></strong></span> <span class='ocrx_word' id='word_1_32' title='bbox 1611 357 1767 405; x_wconf 73' lang='grc' dir='ltr'><strong><em>ἑαυτοῦ</em></strong></span> 
     </span>
    </p>

    <p class='ocr_par' dir='ltr' id='par_1_3' title="bbox 289 421 1789 675">
     <span class='ocr_line' id='line_1_5' title="bbox 289 421 1765 482; baseline 0.002 -15"><span class='ocrx_word' id='word_1_33' title='bbox 289 437 316 471; x_wconf 90' lang='lat' dir='ltr'>c</span> <span class='ocrx_word' id='word_1_34' title='bbox 330 423 406 480; x_wconf 78' lang='grc' dir='ltr'><strong><em>τῆν</em></strong></span> <span class='ocrx_word' id='word_1_35' title='bbox 416 423 615 477; x_wconf 89' lang='grc' dir='ltr'><strong><em>βασιλίδα</em></strong></span> <span class='ocrx_word' id='word_1_36' title='bbox 647 421 876 477; x_wconf 77' lang='grc' dir='ltr'><strong><em>Ῥωμαίων</em></strong></span> <span class='ocrx_word' id='word_1_37' title='bbox 894 424 1103 478; x_wconf 81' lang='grc' dir='ltr'><strong><em>ἡγεῖσθαι.</em></strong></span> <span class='ocrx_word' id='word_1_38' title='bbox 1131 422 1205 465; x_wconf 74' lang='grc' dir='ltr'><strong>καὶ</strong></span> <span class='ocrx_word' id='word_1_39' title='bbox 1222 422 1301 479; x_wconf 75' lang='grc' dir='ltr'><strong><em>γὰρ</em></strong></span> <span class='ocrx_word' id='word_1_40' title='bbox 1329 424 1381 465; x_wconf 72' lang='grc' dir='ltr'><strong>οὔ</strong></span> <span class='ocrx_word' id='word_1_41' title='bbox 1401 425 1609 482; x_wconf 80' lang='grc' dir='ltr'><strong><em>βάρβαροι</em></strong></span> <span class='ocrx_word' id='word_1_42' title='bbox 1619 427 1765 482; x_wconf 87' lang='grc' dir='ltr'><strong><em>μόνον,</em></strong></span> 
     </span>
     <span class='ocr_line' id='line_1_6' title="bbox 326 483 1789 547; baseline 0.003 -16"><span class='ocrx_word' id='word_1_43' title='bbox 326 485 434 531; x_wconf 79' lang='grc' dir='ltr'><strong><em>οἷλλοὶ</em></strong></span> <span class='ocrx_word' id='word_1_44' title='bbox 461 487 535 530; x_wconf 80' lang='grc' dir='ltr'><em>καί</em></span> <span class='ocrx_word' id='word_1_45' title='bbox 548 487 710 547; x_wconf 76' lang='grc' dir='ltr'><strong><em>Ἰταλοὶ</em></strong></span> <span class='ocrx_word' id='word_1_46' title='bbox 726 487 798 530; x_wconf 81' lang='grc' dir='ltr'><em>καί</em></span> <span class='ocrx_word' id='word_1_47' title='bbox 825 485 916 530; x_wconf 77' lang='grc' dir='ltr'><strong><em>ὅσοι</em></strong></span> <span class='ocrx_word' id='word_1_48' title='bbox 936 483 1054 530; x_wconf 75' lang='grc' dir='ltr'><strong><em>ἄλλοι</em></strong></span> <span class='ocrx_word' id='word_1_49' title='bbox 1074 483 1261 544; x_wconf 69' lang='grc' dir='ltr'><strong><em>ἄρχουσί</em></strong></span> <span class='ocrx_word' id='word_1_50' title='bbox 1271 504 1409 543; x_wconf 83' lang='grc' dir='ltr'><strong><em>τινων,</em></strong></span> <span class='ocrx_word' id='word_1_51' title='bbox 1437 487 1514 546; x_wconf 84' lang='grc' dir='ltr'><strong><em>τὴν</em></strong></span> <span class='ocrx_word' id='word_1_52' title='bbox 1532 491 1789 546; x_wconf 44' lang='grc' dir='ltr'><strong>ςΡοοιιιαίοονό</strong></span> 
     </span>
     <span class='ocr_line' id='line_1_7' title="bbox 322 548 1766 610; baseline 0.003 -14"><span class='ocrx_word' id='word_1_53' title='bbox 322 554 539 608; x_wconf 87' lang='grc' dir='ltr'><strong><em>βασιλειάν</em></strong></span> <span class='ocrx_word' id='word_1_54' title='bbox 561 552 634 595; x_wconf 84' lang='grc' dir='ltr'>καί</span> <span class='ocrx_word' id='word_1_55' title='bbox 651 550 814 596; x_wconf 77' lang='grc' dir='ltr'><strong><em>ἑαυτῶν</em></strong></span> <span class='ocrx_word' id='word_1_56' title='bbox 836 555 910 596; x_wconf 85' lang='grc' dir='ltr'>καί</span> <span class='ocrx_word' id='word_1_57' title='bbox 935 555 1019 595; x_wconf 73' lang='grc' dir='ltr'><strong><em>ταῖν</em></strong></span> <span class='ocrx_word' id='word_1_58' title='bbox 1044 548 1182 596; x_wconf 70' lang='grc' dir='ltr'><strong><em>ἄλλων</em></strong></span> <span class='ocrx_word' id='word_1_59' title='bbox 1202 554 1373 603; x_wconf 78' lang='grc' dir='ltr'><strong><em>ἕκαστος</em></strong></span> <span class='ocrx_word' id='word_1_60' title='bbox 1404 555 1477 597; x_wconf 79' lang='grc' dir='ltr'><strong>καὶ</strong></span> <span class='ocrx_word' id='word_1_61' title='bbox 1496 556 1668 610; x_wconf 81' lang='grc' dir='ltr'><strong><em>μείζονα</em></strong></span> <span class='ocrx_word' id='word_1_62' title='bbox 1691 560 1766 601; x_wconf 75' lang='grc' dir='ltr'><strong>καὶ</strong></span> 
     </span>
     <span class='ocr_line' id='line_1_8' title="bbox 323 617 1294 675; baseline 0.002 -16"><span class='ocrx_word' id='word_1_63' title='bbox 323 620 677 675; x_wconf 83' lang='grc' dir='ltr'><strong><em>περιφανεστέραν</em></strong></span> <span class='ocrx_word' id='word_1_64' title='bbox 703 617 877 661; x_wconf 86' lang='grc' dir='ltr'><strong><em>οἴονται.</em></strong></span> <span class='ocrx_word' id='word_1_65' title='bbox 1292 659 1294 661; x_wconf 88' lang='grc'>.</span> 
     </span>
    </p>

    <p class='ocr_par' dir='ltr' id='par_1_4' title="bbox 129 682 1811 874">
     <span class='ocr_line' id='line_1_9' title="bbox 129 682 1760 743; baseline 0.002 -18"><span class='ocrx_word' id='word_1_66' title='bbox 129 691 168 726; x_wconf 80' lang='grc' dir='ltr'><strong>Δ.</strong></span> <span class='ocrx_word' id='word_1_67' title='bbox 185 690 321 727; x_wconf 83' lang='lat' dir='ltr'><strong>C.1325</strong></span> <span class='ocrx_word' id='word_1_68' title='bbox 429 684 504 736; x_wconf 87' lang='grc' dir='ltr'><strong><em>μά.</em></strong></span> <span class='ocrx_word' id='word_1_69' title='bbox 560 683 687 725; x_wconf 80' lang='grc' dir='ltr'><strong><em>Κατοὶ</em></strong></span> <span class='ocrx_word' id='word_1_70' title='bbox 715 684 761 724; x_wconf 83' lang='grc' dir='ltr'><strong>δὲ</strong></span> <span class='ocrx_word' id='word_1_71' title='bbox 787 682 888 732; x_wconf 79' lang='grc' dir='ltr'><strong><em>τούς</em></strong></span> <span class='ocrx_word' id='word_1_72' title='bbox 917 682 1075 734; x_wconf 71' lang='grc' dir='ltr'><strong><em>αὐτούς</em></strong></span> <span class='ocrx_word' id='word_1_73' title='bbox 1105 682 1301 741; x_wconf 73' lang='grc' dir='ltr'><strong><em>καιροὺς,</em></strong></span> <span class='ocrx_word' id='word_1_74' title='bbox 1338 685 1511 743; x_wconf 74' lang='grc' dir='ltr'><strong><em>δευτέρᾳ</em></strong></span> <span class='ocrx_word' id='word_1_75' title='bbox 1537 685 1760 740; x_wconf 80' lang='grc' dir='ltr'><strong><em>ἱσταμένου</em></strong></span> 
     </span>
     <span class='ocr_line' id='line_1_10' title="bbox 320 745 1761 804; baseline 0.002 -15"><span class='ocrx_word' id='word_1_76' title='bbox 320 748 611 804; x_wconf 84' lang='grc' dir='ltr'><strong><em>Φεβρουαρίου</em></strong></span> <span class='ocrx_word' id='word_1_77' title='bbox 642 750 717 804; x_wconf 82' lang='grc' dir='ltr'><strong><em>τῆς</em></strong></span> <span class='ocrx_word' id='word_1_78' title='bbox 743 745 876 804; x_wconf 71' lang='grc' dir='ltr'><strong><em>αὐτῆς</em></strong></span> <span class='ocrx_word' id='word_1_79' title='bbox 902 748 1046 804; x_wconf 78' lang='grc' dir='ltr'><em>ὀγδόης</em></span> <span class='ocrx_word' id='word_1_80' title='bbox 1080 751 1347 802; x_wconf 75' lang='grc' dir='ltr'><strong><em>ι’νδικτιῶνος,</em></strong></span> <span class='ocrx_word' id='word_1_81' title='bbox 1381 745 1403 791; x_wconf 80' lang='grc' dir='ltr'><em>ὃ</em></span> <span class='ocrx_word' id='word_1_82' title='bbox 1433 750 1524 799; x_wconf 85' lang='grc' dir='ltr'><strong><em>νέος</em></strong></span> <span class='ocrx_word' id='word_1_83' title='bbox 1560 749 1761 804; x_wconf 72' lang='grc' dir='ltr'><strong><em>βασιλεύς</em></strong></span> 
     </span>
     <span class='ocr_line' id='line_1_11' title="bbox 315 811 1811 874; baseline 0.003 -20"><span class='ocrx_word' id='word_1_84' title='bbox 315 811 433 867; x_wconf 83' lang='grc' dir='ltr'><strong><em>παροὶ</em></strong></span> <span class='ocrx_word' id='word_1_85' title='bbox 464 814 539 855; x_wconf 76' lang='grc' dir='ltr'><strong>τοῦ</strong></span> <span class='ocrx_word' id='word_1_86' title='bbox 571 814 741 855; x_wconf 82' lang='grc' dir='ltr'><strong><em>πάππου</em></strong></span> <span class='ocrx_word' id='word_1_87' title='bbox 775 816 847 856; x_wconf 86' lang='grc' dir='ltr'>καί</span> <span class='ocrx_word' id='word_1_88' title='bbox 874 813 1081 868; x_wconf 84' lang='grc' dir='ltr'><strong><em>βασιλέως</em></strong></span> <span class='ocrx_word' id='word_1_89' title='bbox 1115 817 1159 857; x_wconf 79' lang='grc' dir='ltr'><strong><em>ἐν</em></strong></span> <span class='ocrx_word' id='word_1_90' title='bbox 1189 816 1249 871; x_wconf 78' lang='grc' dir='ltr'><strong>τῷ</strong></span> <span class='ocrx_word' id='word_1_91' title='bbox 1270 817 1343 870; x_wconf 83' lang='grc' dir='ltr'><strong><em>τῆς</em></strong></span> <span class='ocrx_word' id='word_1_92' title='bbox 1364 816 1439 857; x_wconf 84' lang='grc' dir='ltr'><strong>τοῦ</strong></span> <span class='ocrx_word' id='word_1_93' title='bbox 1467 816 1574 857; x_wconf 73' lang='grc' dir='ltr'><strong><em>θεοῦ</em></strong></span> <span class='ocrx_word' id='word_1_94' title='bbox 1596 815 1811 874; x_wconf 79' lang='grc' dir='ltr'><strong><em>Σοφίαςιο</em></strong></span> 
     </span>
    </p>

    <p class='ocr_par' dir='ltr' id='par_1_5' title="bbox 276 877 1823 1010">
     <span class='ocr_line' id='line_1_12' title="bbox 276 877 1823 937; baseline 0.003 -19"><span class='ocrx_word' id='word_1_95' title='bbox 276 877 624 934; x_wconf 74' lang='grc' dir='ltr'><strong><em>Βέστέφθηναῷ,</em></strong></span> <span class='ocrx_word' id='word_1_96' title='bbox 648 878 822 920; x_wconf 77' lang='grc' dir='ltr'><strong><em>Ἡσαΐου</em></strong></span> <span class='ocrx_word' id='word_1_97' title='bbox 842 881 1215 936; x_wconf 79' lang='grc' dir='ltr'><strong><em>πατριαρχοῦντος.</em></strong></span> <span class='ocrx_word' id='word_1_98' title='bbox 1243 878 1272 934; x_wconf 81' lang='grc' dir='ltr'><em>ἦ</em></span> <span class='ocrx_word' id='word_1_99' title='bbox 1298 879 1474 934; x_wconf 78' lang='grc' dir='ltr'><strong><em>τοιαύτη</em></strong></span> <span class='ocrx_word' id='word_1_100' title='bbox 1495 880 1542 936; x_wconf 82' lang='grc' dir='ltr'><strong>δὲ</strong></span> <span class='ocrx_word' id='word_1_101' title='bbox 1562 880 1758 937; x_wconf 78' lang='grc' dir='ltr'><strong><em>βασιλικὴ</em></strong></span> <span class='ocrx_word' id='word_1_102' title='bbox 1816 926 1823 934; x_wconf 60' lang='grc'><strong><em>,</em></strong></span> 
     </span>
     <span class='ocr_line' id='line_1_13' title="bbox 316 941 1756 1010; baseline 0.003 -27"><span class='ocrx_word' id='word_1_103' title='bbox 316 941 459 996; x_wconf 77' lang='grc' dir='ltr'><strong><em>τελετή</em></strong></span> <span class='ocrx_word' id='word_1_104' title='bbox 483 944 631 985; x_wconf 77' lang='grc' dir='ltr'><strong><em>τοῦτον</em></strong></span> <span class='ocrx_word' id='word_1_105' title='bbox 660 942 818 997; x_wconf 82' lang='grc' dir='ltr'><strong><em>γίνεται</em></strong></span> <span class='ocrx_word' id='word_1_106' title='bbox 844 942 918 985; x_wconf 84' lang='grc' dir='ltr'><strong><em>τὸν</em></strong></span> <span class='ocrx_word' id='word_1_107' title='bbox 946 943 1113 999; x_wconf 84' lang='grc' dir='ltr'><strong><em>τρόπον.</em></strong></span> <span class='ocrx_word' id='word_1_108' title='bbox 1148 946 1223 999; x_wconf 84' lang='grc' dir='ltr'><strong><em>τῆς</em></strong></span> <span class='ocrx_word' id='word_1_109' title='bbox 1248 944 1525 999; x_wconf 73' lang='grc' dir='ltr'><strong><em>προθεσμίας·</em></strong></span> <span class='ocrx_word' id='word_1_110' title='bbox 1542 944 1756 1010; x_wconf 55' lang='grc' dir='ltr'><strong><em>ἐνστάσης,</em></strong></span> 
     </span>
    </p>

    <p class='ocr_par' dir='ltr' id='par_1_6' title="bbox 154 1002 1808 1780">
     <span class='ocr_line' id='line_1_14' title="bbox 215 1002 1757 1066; baseline 0.001 -16"><span class='ocrx_word' id='word_1_111' title='bbox 215 1014 254 1051; x_wconf 83' lang='lat' dir='ltr'><strong>V.</strong></span> <span class='ocrx_word' id='word_1_112' title='bbox 264 1019 310 1063; x_wconf 79' lang='lat'><strong>98</strong></span> <span class='ocrx_word' id='word_1_113' title='bbox 320 1010 418 1048; x_wconf 82' lang='grc' dir='ltr'><strong><em>καθ’</em></strong></span> <span class='ocrx_word' id='word_1_114' title='bbox 438 1005 490 1062; x_wconf 76' lang='grc' dir='ltr'><strong><em>ἢν</em></strong></span> <span class='ocrx_word' id='word_1_115' title='bbox 510 1002 589 1062; x_wconf 71' lang='grc' dir='ltr'><strong>ἤδη</strong></span> <span class='ocrx_word' id='word_1_116' title='bbox 615 1010 810 1050; x_wconf 87' lang='grc' dir='ltr'><strong><em>τέτακται</em></strong></span> <span class='ocrx_word' id='word_1_117' title='bbox 832 1010 891 1066; x_wconf 77' lang='grc' dir='ltr'><strong>τῷ</strong></span> <span class='ocrx_word' id='word_1_118' title='bbox 910 1008 1012 1066; x_wconf 79' lang='grc' dir='ltr'><strong><em>θείῳ</em></strong></span> <span class='ocrx_word' id='word_1_119' title='bbox 1039 1007 1160 1066; x_wconf 79' lang='grc' dir='ltr'><strong><em>μύρῳ</em></strong></span> <span class='ocrx_word' id='word_1_120' title='bbox 1186 1010 1324 1066; x_wconf 83' lang='grc' dir='ltr'><strong><em>χρίειν</em></strong></span> <span class='ocrx_word' id='word_1_121' title='bbox 1347 1007 1418 1052; x_wconf 88' lang='grc' dir='ltr'><strong><em>τὸν</em></strong></span> <span class='ocrx_word' id='word_1_122' title='bbox 1438 1010 1629 1064; x_wconf 81' lang='grc' dir='ltr'><strong><em>βασιλέα,</em></strong></span> <span class='ocrx_word' id='word_1_123' title='bbox 1657 1009 1757 1061; x_wconf 78' lang='grc' dir='ltr'><strong><em>τούς</em></strong></span> 
     </span>
     <span class='ocr_line' id='line_1_15' title="bbox 315 1071 1754 1132; baseline 0.003 -17"><span class='ocrx_word' id='word_1_124' title='bbox 315 1074 361 1115; x_wconf 78' lang='grc' dir='ltr'><strong><em>ἐν</em></strong></span> <span class='ocrx_word' id='word_1_125' title='bbox 391 1071 598 1125; x_wconf 76' lang='grc' dir='ltr'><strong><em>ἀξιώμασι</em></strong></span> <span class='ocrx_word' id='word_1_126' title='bbox 620 1073 776 1124; x_wconf 85' lang='grc' dir='ltr'><strong><em>πάντας</em></strong></span> <span class='ocrx_word' id='word_1_127' title='bbox 800 1076 874 1116; x_wconf 81' lang='grc' dir='ltr'><em>καί</em></span> <span class='ocrx_word' id='word_1_128' title='bbox 895 1072 994 1124; x_wconf 77' lang='grc' dir='ltr'><strong><em>τούς</em></strong></span> <span class='ocrx_word' id='word_1_129' title='bbox 1027 1076 1073 1116; x_wconf 80' lang='grc' dir='ltr'><strong><em>ἐν</em></strong></span> <span class='ocrx_word' id='word_1_130' title='bbox 1100 1076 1208 1117; x_wconf 85' lang='grc' dir='ltr'><strong><em>τέλει</em></strong></span> <span class='ocrx_word' id='word_1_131' title='bbox 1241 1074 1315 1117; x_wconf 78' lang='grc' dir='ltr'><em>καί</em></span> <span class='ocrx_word' id='word_1_132' title='bbox 1341 1073 1414 1131; x_wconf 76' lang='grc' dir='ltr'><strong><em>τήν</em></strong></span> <span class='ocrx_word' id='word_1_133' title='bbox 1436 1074 1660 1132; x_wconf 81' lang='grc' dir='ltr'><strong><em>στρατιὰν,</em></strong></span> <span class='ocrx_word' id='word_1_134' title='bbox 1705 1074 1754 1119; x_wconf 79' lang='grc' dir='ltr'><strong>οὗ</strong></span> 
     </span>
     <span class='ocr_line' id='line_1_16' title="bbox 311 1135 1808 1196; baseline 0.003 -18"><span class='ocrx_word' id='word_1_135' title='bbox 311 1135 398 1192; x_wconf 81' lang='grc' dir='ltr'><strong>μὴν</strong></span> <span class='ocrx_word' id='word_1_136' title='bbox 425 1136 530 1180; x_wconf 75' lang='grc' dir='ltr'><strong><em>ἀλλὰ</em></strong></span> <span class='ocrx_word' id='word_1_137' title='bbox 556 1137 629 1180; x_wconf 75' lang='grc' dir='ltr'><strong>καὶ</strong></span> <span class='ocrx_word' id='word_1_138' title='bbox 652 1137 723 1181; x_wconf 86' lang='grc' dir='ltr'><strong><em>τὸν</em></strong></span> <span class='ocrx_word' id='word_1_139' title='bbox 751 1141 834 1181; x_wconf 76' lang='grc' dir='ltr'><strong><em>τῶν</em></strong></span> <span class='ocrx_word' id='word_1_140' title='bbox 863 1137 986 1195; x_wconf 80' lang='grc' dir='ltr'><strong><em>ἶερῶν</em></strong></span> <span class='ocrx_word' id='word_1_141' title='bbox 1008 1141 1081 1194; x_wconf 77' lang='grc' dir='ltr'><strong><em>τῆς</em></strong></span> <span class='ocrx_word' id='word_1_142' title='bbox 1104 1139 1320 1195; x_wconf 77' lang='grc' dir='ltr'><strong><em>ἐκκλησίας</em></strong></span> <span class='ocrx_word' id='word_1_143' title='bbox 1351 1142 1425 1195; x_wconf 84' lang='grc' dir='ltr'><strong><em>τῆς</em></strong></span> <span class='ocrx_word' id='word_1_144' title='bbox 1451 1142 1547 1191; x_wconf 85' lang='grc' dir='ltr'><strong><em>νέας</em></strong></span> <span class='ocrx_word' id='word_1_145' title='bbox 1579 1140 1755 1196; x_wconf 74' lang='grc' dir='ltr'><strong><em>ταυτησὶ</em></strong></span> <span class='ocrx_word' id='word_1_146' title='bbox 1759 1149 1808 1192; x_wconf 79' lang='lat'><strong>15</strong></span> 
     </span>
     <span class='ocr_line' id='line_1_17' title="bbox 307 1200 1752 1260; baseline 0.002 -15"><span class='ocrx_word' id='word_1_147' title='bbox 307 1200 479 1257; x_wconf 77' lang='grc' dir='ltr'><strong><em>Ῥώμης</em></strong></span> <span class='ocrx_word' id='word_1_148' title='bbox 501 1202 653 1245; x_wconf 81' lang='grc' dir='ltr'><strong><em>οἰάκων</em></strong></span> <span class='ocrx_word' id='word_1_149' title='bbox 678 1204 1000 1259; x_wconf 81' lang='grc' dir='ltr'><strong><em>ἐπειλημμένον,</em></strong></span> <span class='ocrx_word' id='word_1_150' title='bbox 1030 1204 1089 1247; x_wconf 81' lang='grc' dir='ltr'><strong>ἔτι</strong></span> <span class='ocrx_word' id='word_1_151' title='bbox 1114 1207 1161 1247; x_wconf 79' lang='grc' dir='ltr'><strong>δὲ</strong></span> <span class='ocrx_word' id='word_1_152' title='bbox 1193 1204 1267 1246; x_wconf 86' lang='grc' dir='ltr'><em>καί</em></span> <span class='ocrx_word' id='word_1_153' title='bbox 1285 1205 1496 1260; x_wconf 75' lang='grc' dir='ltr'><strong><em>πανδημεὶ</em></strong></span> <span class='ocrx_word' id='word_1_154' title='bbox 1520 1204 1597 1259; x_wconf 81' lang='grc' dir='ltr'><strong><em>τὴν</em></strong></span> <span class='ocrx_word' id='word_1_155' title='bbox 1629 1204 1752 1248; x_wconf 85' lang='grc' dir='ltr'><strong><em>πόλιν</em></strong></span> 
     </span>
     <span class='ocr_line' id='line_1_18' title="bbox 311 1264 1752 1326; baseline 0.004 -19"><span class='ocrx_word' id='word_1_156' title='bbox 311 1272 397 1316; x_wconf 83' lang='grc' dir='ltr'><strong><em>τοῖς</em></strong></span> <span class='ocrx_word' id='word_1_157' title='bbox 420 1268 646 1321; x_wconf 85' lang='grc' dir='ltr'><strong><em>βασιλείοις</em></strong></span> <span class='ocrx_word' id='word_1_158' title='bbox 667 1264 756 1320; x_wconf 81' lang='grc' dir='ltr'><strong>ἅμα</strong></span> <span class='ocrx_word' id='word_1_159' title='bbox 777 1270 830 1325; x_wconf 74' lang='grc' dir='ltr'><strong>ἕῳ</strong></span> <span class='ocrx_word' id='word_1_160' title='bbox 853 1268 1013 1319; x_wconf 81' lang='grc' dir='ltr'><strong><em>πάντας</em></strong></span> <span class='ocrx_word' id='word_1_161' title='bbox 1036 1274 1230 1325; x_wconf 78' lang='grc' dir='ltr'><strong><em>παρεῖναι</em></strong></span> <span class='ocrx_word' id='word_1_162' title='bbox 1256 1269 1330 1312; x_wconf 82' lang='grc' dir='ltr'><strong><em>δεῖ.</em></strong></span> <span class='ocrx_word' id='word_1_163' title='bbox 1358 1269 1459 1325; x_wconf 77' lang='grc' dir='ltr'><strong><em>περὶ</em></strong></span> <span class='ocrx_word' id='word_1_164' title='bbox 1482 1271 1528 1312; x_wconf 77' lang='grc' dir='ltr'><strong>δὲ</strong></span> <span class='ocrx_word' id='word_1_165' title='bbox 1550 1271 1752 1326; x_wconf 78' lang='grc' dir='ltr'><strong><em>δευτέραν</em></strong></span> 
     </span>
     <span class='ocr_line' id='line_1_19' title="bbox 309 1328 1751 1390; baseline 0.002 -17"><span class='ocrx_word' id='word_1_166' title='bbox 309 1328 424 1388; x_wconf 70' lang='grc' dir='ltr'><strong><em>ὥραν</em></strong></span> <span class='ocrx_word' id='word_1_167' title='bbox 447 1330 630 1385; x_wconf 82' lang='grc' dir='ltr'><strong><em>μάλιστα</em></strong></span> <span class='ocrx_word' id='word_1_168' title='bbox 658 1334 729 1388; x_wconf 79' lang='grc' dir='ltr'><strong><em>τῆς</em></strong></span> <span class='ocrx_word' id='word_1_169' title='bbox 750 1329 883 1388; x_wconf 69' lang='grc' dir='ltr'><strong><em>αὐτῆς</em></strong></span> <span class='ocrx_word' id='word_1_170' title='bbox 905 1334 1078 1389; x_wconf 79' lang='grc' dir='ltr'><strong><em>ἡμέρας,</em></strong></span> <span class='ocrx_word' id='word_1_171' title='bbox 1101 1335 1178 1376; x_wconf 77' lang='grc' dir='ltr'><strong>τοῦ</strong></span> <span class='ocrx_word' id='word_1_172' title='bbox 1193 1335 1410 1387; x_wconf 83' lang='grc' dir='ltr'><strong><em>μέλλοντος</em></strong></span> <span class='ocrx_word' id='word_1_173' title='bbox 1434 1334 1751 1390; x_wconf 79' lang='grc' dir='ltr'><strong><em>χρισθήσεσθαι</em></strong></span> 
     </span>
     <span class='ocr_line' id='line_1_20' title="bbox 306 1393 1750 1456; baseline 0.003 -18"><span class='ocrx_word' id='word_1_174' title='bbox 306 1397 514 1449; x_wconf 84' lang='grc' dir='ltr'><strong><em>βασιλέως</em></strong></span> <span class='ocrx_word' id='word_1_175' title='bbox 535 1399 606 1439; x_wconf 77' lang='grc' dir='ltr'><strong><em>ἐπὶ</em></strong></span> <span class='ocrx_word' id='word_1_176' title='bbox 624 1393 800 1447; x_wconf 85' lang='grc' dir='ltr'><strong><em>οἷσπίδος</em></strong></span> <span class='ocrx_word' id='word_1_177' title='bbox 825 1399 1114 1452; x_wconf 75' lang='grc' dir='ltr'><strong><em>καθεσθέντος,</em></strong></span> <span class='ocrx_word' id='word_1_178' title='bbox 1144 1396 1167 1440; x_wconf 79' lang='grc' dir='ltr'>ὅ</span> <span class='ocrx_word' id='word_1_179' title='bbox 1196 1397 1396 1453; x_wconf 75' lang='grc' dir='ltr'><strong><em>βασιλεὺς</em></strong></span> <span class='ocrx_word' id='word_1_180' title='bbox 1415 1401 1488 1442; x_wconf 84' lang='grc' dir='ltr'>καί</span> <span class='ocrx_word' id='word_1_181' title='bbox 1504 1399 1639 1456; x_wconf 73' lang='grc' dir='ltr'><strong><em>πατὴρ</em></strong></span> <span class='ocrx_word' id='word_1_182' title='bbox 1670 1402 1750 1442; x_wconf 73' lang='grc' dir='ltr'><strong>τοῦ</strong></span> 
     </span>
     <span class='ocr_line' id='line_1_21' title="bbox 306 1460 1800 1521; baseline 0.003 -18"><span class='ocrx_word' id='word_1_183' title='bbox 306 1460 681 1517; x_wconf 82' lang='grc' dir='ltr'><strong><em>οἷναγορευομένου,</em></strong></span> <span class='ocrx_word' id='word_1_184' title='bbox 710 1461 793 1518; x_wconf 79' lang='grc' dir='ltr'><strong><em>εἴγε</em></strong></span> <span class='ocrx_word' id='word_1_185' title='bbox 815 1464 1011 1519; x_wconf 83' lang='grc' dir='ltr'><strong><em>περίεστι,</em></strong></span> <span class='ocrx_word' id='word_1_186' title='bbox 1039 1468 1111 1506; x_wconf 83' lang='grc' dir='ltr'>καί</span> <span class='ocrx_word' id='word_1_187' title='bbox 1131 1464 1154 1505; x_wconf 80' lang='grc' dir='ltr'>ὅ</span> <span class='ocrx_word' id='word_1_188' title='bbox 1184 1463 1450 1520; x_wconf 80' lang='grc' dir='ltr'><strong><em>πατριάρχης</em></strong></span> <span class='ocrx_word' id='word_1_189' title='bbox 1479 1466 1563 1507; x_wconf 76' lang='grc' dir='ltr'><strong><em>τῶν</em></strong></span> <span class='ocrx_word' id='word_1_190' title='bbox 1584 1467 1800 1521; x_wconf 63' lang='grc' dir='ltr'><strong><em>ἐμπρο-αο</em></strong></span> 
     </span>
     <span class='ocr_line' id='line_1_22' title="bbox 305 1525 1746 1583; baseline 0.003 -16"><span class='ocrx_word' id='word_1_191' title='bbox 305 1525 438 1568; x_wconf 79' lang='grc' dir='ltr'><strong><em>σθίών</em></strong></span> <span class='ocrx_word' id='word_1_192' title='bbox 454 1528 594 1582; x_wconf 78' lang='grc' dir='ltr'><strong><em>μερῶν</em></strong></span> <span class='ocrx_word' id='word_1_193' title='bbox 622 1528 1000 1581; x_wconf 80' lang='grc' dir='ltr'><strong><em>ἐπιλαμβανόμενοι</em></strong></span> <span class='ocrx_word' id='word_1_194' title='bbox 1029 1530 1103 1583; x_wconf 80' lang='grc' dir='ltr'><strong><em>τῆς</em></strong></span> <span class='ocrx_word' id='word_1_195' title='bbox 1133 1529 1323 1583; x_wconf 73' lang='grc' dir='ltr'><strong><em>ἀσπίδος,</em></strong></span> <span class='ocrx_word' id='word_1_196' title='bbox 1353 1531 1436 1570; x_wconf 80' lang='grc' dir='ltr'><strong><em>τῶν</em></strong></span> <span class='ocrx_word' id='word_1_197' title='bbox 1454 1530 1481 1570; x_wconf 92' lang='grc' dir='ltr'><strong><em>δ</em></strong></span> <span class='ocrx_word' id='word_1_198' title='bbox 1490 1532 1502 1548; x_wconf 92' lang='lat'>’</span> <span class='ocrx_word' id='word_1_199' title='bbox 1522 1530 1746 1572; x_wconf 77' lang='grc' dir='ltr'><strong><em>ἐπιλοίπων</em></strong></span> 
     </span>
     <span class='ocr_line' id='line_1_23' title="bbox 305 1589 1746 1653; baseline 0.003 -21"><span class='ocrx_word' id='word_1_200' title='bbox 305 1589 346 1633; x_wconf 82' lang='grc' dir='ltr'><strong>οἱ</strong></span> <span class='ocrx_word' id='word_1_201' title='bbox 374 1592 419 1632; x_wconf 78' lang='grc' dir='ltr'><strong><em>ἐν</em></strong></span> <span class='ocrx_word' id='word_1_202' title='bbox 452 1589 685 1644; x_wconf 73' lang='grc' dir='ltr'><strong><em>ἀξιώμασιν</em></strong></span> <span class='ocrx_word' id='word_1_203' title='bbox 709 1592 980 1648; x_wconf 76' lang='grc' dir='ltr'><strong><em>ὑπερέχοντες</em></strong></span> <span class='ocrx_word' id='word_1_204' title='bbox 1015 1592 1214 1635; x_wconf 87' lang='grc' dir='ltr'><strong><em>δεσπόται</em></strong></span> <span class='ocrx_word' id='word_1_205' title='bbox 1245 1610 1292 1635; x_wconf 87' lang='grc' dir='ltr'><strong>τε</strong></span> <span class='ocrx_word' id='word_1_206' title='bbox 1318 1593 1392 1636; x_wconf 81' lang='grc' dir='ltr'><em>καί</em></span> <span class='ocrx_word' id='word_1_207' title='bbox 1413 1595 1746 1653; x_wconf 78' lang='grc' dir='ltr'><strong><em>σεβαστοκράτο-</em></strong></span> 
     </span>
     <span class='ocr_line' id='line_1_24' title="bbox 154 1651 1797 1715; baseline 0.004 -21"><span class='ocrx_word' id='word_1_208' title='bbox 154 1666 193 1705; x_wconf 72' lang='grc' dir='ltr'><strong>Ρ,</strong></span> <span class='ocrx_word' id='word_1_209' title='bbox 223 1666 293 1703; x_wconf 77' lang='lat'><strong>122</strong></span> <span class='ocrx_word' id='word_1_210' title='bbox 307 1671 376 1709; x_wconf 85' lang='grc' dir='ltr'><strong>ρες</strong></span> <span class='ocrx_word' id='word_1_211' title='bbox 389 1688 402 1708; x_wconf 91' lang='grc'><strong><em>,</em></strong></span> <span class='ocrx_word' id='word_1_212' title='bbox 432 1653 545 1711; x_wconf 85' lang='grc' dir='ltr'><strong><em>εἴπερ</em></strong></span> <span class='ocrx_word' id='word_1_213' title='bbox 568 1657 694 1708; x_wconf 75' lang='grc' dir='ltr'><strong><em>εἰσίν,</em></strong></span> <span class='ocrx_word' id='word_1_214' title='bbox 722 1651 750 1710; x_wconf 76' lang='grc' dir='ltr'><em>ἢ</em></span> <span class='ocrx_word' id='word_1_215' title='bbox 786 1655 824 1697; x_wconf 83' lang='grc' dir='ltr'><strong>οἱ</strong></span> <span class='ocrx_word' id='word_1_216' title='bbox 845 1658 1172 1713; x_wconf 80' lang='grc' dir='ltr'><strong><em>ἐπιφανέστατοι</em></strong></span> <span class='ocrx_word' id='word_1_217' title='bbox 1202 1656 1387 1711; x_wconf 86' lang='grc' dir='ltr'><strong><em>μάλιστα</em></strong></span> <span class='ocrx_word' id='word_1_218' title='bbox 1408 1659 1492 1700; x_wconf 79' lang='grc' dir='ltr'><strong><em>τῶν</em></strong></span> <span class='ocrx_word' id='word_1_219' title='bbox 1525 1662 1745 1715; x_wconf 79' lang='grc' dir='ltr'><strong><em>συγκλητι-</em></strong></span> <span class='ocrx_word' id='word_1_220' title='bbox 1794 1714 1797 1715; x_wconf 19' lang='lat'><em>⁷</em></span> 
     </span>
     <span class='ocr_line' id='line_1_25' title="bbox 252 1719 1743 1780; baseline 0.004 -19"><span class='ocrx_word' id='word_1_221' title='bbox 252 1732 259 1735; x_wconf 74' lang='grc'><strong><em>’</em></strong></span> <span class='ocrx_word' id='word_1_222' title='bbox 304 1721 412 1773; x_wconf 73' lang='grc' dir='ltr'><strong><em>κῶν,</em></strong></span> <span class='ocrx_word' id='word_1_223' title='bbox 442 1719 516 1761; x_wconf 82' lang='grc' dir='ltr'><em>καί</em></span> <span class='ocrx_word' id='word_1_224' title='bbox 537 1720 861 1775; x_wconf 86' lang='grc' dir='ltr'><strong><em>μετεωρίσαντες</em></strong></span> <span class='ocrx_word' id='word_1_225' title='bbox 884 1719 941 1770; x_wconf 77' lang='grc' dir='ltr'><strong><em>ὥς</em></strong></span> <span class='ocrx_word' id='word_1_226' title='bbox 967 1720 1029 1764; x_wconf 81' lang='grc' dir='ltr'><strong><em>ἔνι</em></strong></span> <span class='ocrx_word' id='word_1_227' title='bbox 1051 1722 1238 1773; x_wconf 77' lang='grc' dir='ltr'><strong><em>μάλιστα</em></strong></span> <span class='ocrx_word' id='word_1_228' title='bbox 1260 1721 1383 1765; x_wconf 74' lang='grc' dir='ltr'><strong><em>αὐτὸν</em></strong></span> <span class='ocrx_word' id='word_1_229' title='bbox 1401 1720 1569 1780; x_wconf 75' lang='grc' dir='ltr'><strong><em>ἅματῇ</em></strong></span> <span class='ocrx_word' id='word_1_230' title='bbox 1584 1723 1743 1780; x_wconf 74' lang='grc' dir='ltr'><strong><em>ἀσπίδι,</em></strong></span> 
     </span>
    </p>
   </div>
   <div class='ocr_carea' id='block_1_3' title="bbox 1835 229 1846 244">
    <p class='ocr_par' dir='ltr' id='par_1_7' title="bbox 1835 229 1846 244">
     <span class='ocr_line' id='line_1_26' title="bbox 1835 229 1846 244; baseline 0 0"><span class='ocrx_word' id='word_1_231' title='bbox 1835 229 1846 244; x_wconf 66' lang='grc'>1</span> 
     </span>
    </p>
   </div>
   <div class='ocr_carea' id='block_1_4' title="bbox 395 1807 1742 1960">
    <p class='ocr_par' dir='ltr' id='par_1_8' title="bbox 395 1807 1742 1960">
     <span class='ocr_line' id='line_1_27' title="bbox 399 1807 1742 1864; baseline 0.006 -14"><span class='ocrx_word' id='word_1_232' title='bbox 399 1821 432 1854; x_wconf 82' lang='lat'><strong>8.</strong></span> <span class='ocrx_word' id='word_1_233' title='bbox 464 1819 596 1852; x_wconf 86' lang='lat' dir='ltr'><strong>Totum</strong></span> <span class='ocrx_word' id='word_1_234' title='bbox 631 1818 702 1853; x_wconf 91' lang='lat' dir='ltr'><strong>hoc</strong></span> <span class='ocrx_word' id='word_1_235' title='bbox 734 1825 842 1864; x_wconf 85' lang='lat' dir='ltr'><strong>caput</strong></span> <span class='ocrx_word' id='word_1_236' title='bbox 884 1819 930 1854; x_wconf 89' lang='lat' dir='ltr'><strong>de</strong></span> <span class='ocrx_word' id='word_1_237' title='bbox 965 1807 1211 1856; x_wconf 79' lang='lat' dir='ltr'><strong>coronationis</strong></span> <span class='ocrx_word' id='word_1_238' title='bbox 1238 1823 1311 1856; x_wconf 88' lang='lat' dir='ltr'><strong>ritu</strong></span> <span class='ocrx_word' id='word_1_239' title='bbox 1337 1821 1384 1856; x_wconf 87' lang='lat' dir='ltr'><strong>ad</strong></span> <span class='ocrx_word' id='word_1_240' title='bbox 1405 1822 1555 1856; x_wconf 86' lang='lat' dir='ltr'><strong>verbum</strong></span> <span class='ocrx_word' id='word_1_241' title='bbox 1587 1807 1665 1858; x_wconf 77' lang='lat' dir='ltr'><strong>sere</strong></span> <span class='ocrx_word' id='word_1_242' title='bbox 1700 1824 1742 1859; x_wconf 89' lang='lat' dir='ltr'><strong>in</strong></span> 
     </span>
     <span class='ocr_line' id='line_1_28' title="bbox 396 1865 1738 1913; baseline 0.004 -15"><span class='ocrx_word' id='word_1_243' title='bbox 396 1865 531 1898; x_wconf 72' lang='lat' dir='ltr'><strong>librum</strong></span> <span class='ocrx_word' id='word_1_244' title='bbox 567 1877 670 1898; x_wconf 89' lang='lat' dir='ltr'><strong>suum</strong></span> <span class='ocrx_word' id='word_1_245' title='bbox 702 1866 746 1899; x_wconf 90' lang='lat' dir='ltr'><strong>de</strong></span> <span class='ocrx_word' id='word_1_246' title='bbox 781 1866 910 1899; x_wconf 86' lang='lat' dir='ltr'><strong>officiis</strong></span> <span class='ocrx_word' id='word_1_247' title='bbox 949 1869 1136 1902; x_wconf 84' lang='lat' dir='ltr'><strong>transtulit</strong></span> <span class='ocrx_word' id='word_1_248' title='bbox 1169 1868 1344 1913; x_wconf 82' lang='lat' dir='ltr'><strong>Georgius</strong></span> <span class='ocrx_word' id='word_1_249' title='bbox 1376 1867 1546 1902; x_wconf 80' lang='lat' dir='ltr'><strong>Codinus.</strong></span> <span class='ocrx_word' id='word_1_250' title='bbox 1581 1870 1663 1905; x_wconf 84' lang='lat' dir='ltr'><strong>ED.</strong></span> <span class='ocrx_word' id='word_1_251' title='bbox 1699 1871 1738 1905; x_wconf 87' lang='lat' dir='ltr'><strong>P.</strong></span> 
     </span>
     <span class='ocr_line' id='line_1_29' title="bbox 395 1911 1608 1960; baseline 0.003 -15"><span class='ocrx_word' id='word_1_252' title='bbox 395 1923 429 1956; x_wconf 90' lang='lat'><strong>9.</strong></span> <span class='ocrx_word' id='word_1_253' title='bbox 458 1912 574 1946; x_wconf 81' lang='lat' dir='ltr'><strong>Antea</strong></span> <span class='ocrx_word' id='word_1_254' title='bbox 591 1911 831 1960; x_wconf 74' lang='grc' dir='ltr'><strong><em>Φεβρουάρου</em></strong></span> <span class='ocrx_word' id='word_1_255' title='bbox 844 1938 855 1954; x_wconf 82' lang='lat'><strong>,</strong></span> <span class='ocrx_word' id='word_1_256' title='bbox 875 1913 975 1959; x_wconf 84' lang='lat' dir='ltr'><strong>quod</strong></span> <span class='ocrx_word' id='word_1_257' title='bbox 992 1914 1067 1952; x_wconf 79' lang='grc' dir='ltr'><strong>ΕΙ).</strong></span> <span class='ocrx_word' id='word_1_258' title='bbox 1080 1915 1114 1948; x_wconf 93' lang='grc' dir='ltr'><strong>Ρ.</strong></span> <span class='ocrx_word' id='word_1_259' title='bbox 1138 1926 1183 1948; x_wconf 79' lang='lat' dir='ltr'><strong>ex</strong></span> <span class='ocrx_word' id='word_1_260' title='bbox 1206 1915 1300 1949; x_wconf 88' lang='lat' dir='ltr'><strong>Italo</strong></span> <span class='ocrx_word' id='word_1_261' title='bbox 1326 1914 1471 1949; x_wconf 76' lang='lat' dir='ltr'><strong>fluxisse</strong></span> <span class='ocrx_word' id='word_1_262' title='bbox 1493 1920 1608 1960; x_wconf 79' lang='lat' dir='ltr'><strong>putat.</strong></span> 
     </span>
    </p>
   </div>
   <div class='ocr_carea' id='block_1_5' title="bbox 270 2001 1790 2743">
    <p class='ocr_par' dir='ltr' id='par_1_9' title="bbox 296 2001 1790 2465">
     <span class='ocr_line' id='line_1_30' title="bbox 299 2001 1735 2050; baseline 0.002 -15"><span class='ocrx_word' id='word_1_263' title='bbox 299 2012 376 2035; x_wconf 83' lang='lat' dir='ltr'><strong>mas</strong></span> <span class='ocrx_word' id='word_1_264' title='bbox 408 2001 615 2044; x_wconf 84' lang='lat' dir='ltr'><strong>vindicare,</strong></span> <span class='ocrx_word' id='word_1_265' title='bbox 654 2002 741 2048; x_wconf 85' lang='lat' dir='ltr'><strong>quia</strong></span> <span class='ocrx_word' id='word_1_266' title='bbox 772 2006 895 2035; x_wconf 80' lang='lat' dir='ltr'><strong>tamen</strong></span> <span class='ocrx_word' id='word_1_267' title='bbox 926 2014 1026 2036; x_wconf 86' lang='lat' dir='ltr'><strong>soror</strong></span> <span class='ocrx_word' id='word_1_268' title='bbox 1063 2004 1133 2037; x_wconf 89' lang='lat' dir='ltr'><strong>Dei</strong></span> <span class='ocrx_word' id='word_1_269' title='bbox 1158 2009 1249 2038; x_wconf 91' lang='lat' dir='ltr'><strong>nutu</strong></span> <span class='ocrx_word' id='word_1_270' title='bbox 1276 2009 1314 2038; x_wconf 86' lang='lat' dir='ltr'><strong>et</strong></span> <span class='ocrx_word' id='word_1_271' title='bbox 1345 2003 1455 2038; x_wconf 83' lang='lat' dir='ltr'><strong>decus</strong></span> <span class='ocrx_word' id='word_1_272' title='bbox 1479 2008 1517 2038; x_wconf 86' lang='lat' dir='ltr'><strong>et</strong></span> <span class='ocrx_word' id='word_1_273' title='bbox 1541 2005 1735 2050; x_wconf 82' lang='lat' dir='ltr'><strong>imperium</strong></span> 
     </span>
     <span class='ocr_line' id='line_1_31' title="bbox 298 2047 1733 2097; baseline 0.003 -17"><span class='ocrx_word' id='word_1_274' title='bbox 298 2047 412 2080; x_wconf 88' lang='lat' dir='ltr'><strong>maius</strong></span> <span class='ocrx_word' id='word_1_275' title='bbox 437 2047 566 2091; x_wconf 86' lang='lat' dir='ltr'><strong>adepta</strong></span> <span class='ocrx_word' id='word_1_276' title='bbox 588 2050 647 2088; x_wconf 86' lang='lat' dir='ltr'><strong>sit,</strong></span> <span class='ocrx_word' id='word_1_277' title='bbox 672 2049 711 2081; x_wconf 92' lang='lat' dir='ltr'><strong>in</strong></span> <span class='ocrx_word' id='word_1_278' title='bbox 737 2048 859 2081; x_wconf 86' lang='lat' dir='ltr'><strong>divina</strong></span> <span class='ocrx_word' id='word_1_279' title='bbox 872 2049 1059 2083; x_wconf 84' lang='lat' dir='ltr'><strong>voluntate</strong></span> <span class='ocrx_word' id='word_1_280' title='bbox 1078 2050 1406 2096; x_wconf 87' lang='lat' dir='ltr'><strong>conquiescendum</strong></span> <span class='ocrx_word' id='word_1_281' title='bbox 1421 2052 1733 2097; x_wconf 87' lang='lat' dir='ltr'><strong>Romanorumque</strong></span> 
     </span>
     <span class='ocr_line' id='line_1_32' title="bbox 299 2093 1732 2139; baseline 0.003 -14"><span class='ocrx_word' id='word_1_282' title='bbox 299 2093 561 2137; x_wconf 83' lang='lat' dir='ltr'><strong>imperatricem</strong></span> <span class='ocrx_word' id='word_1_283' title='bbox 597 2094 779 2127; x_wconf 84' lang='lat' dir='ltr'><strong>dominam</strong></span> <span class='ocrx_word' id='word_1_284' title='bbox 802 2106 901 2128; x_wconf 87' lang='lat' dir='ltr'><strong>suam</strong></span> <span class='ocrx_word' id='word_1_285' title='bbox 933 2096 1141 2130; x_wconf 88' lang='lat' dir='ltr'><strong>ducendam.</strong></span> <span class='ocrx_word' id='word_1_286' title='bbox 1183 2097 1275 2130; x_wconf 88' lang='lat' dir='ltr'><strong>Sane</strong></span> <span class='ocrx_word' id='word_1_287' title='bbox 1300 2109 1374 2131; x_wconf 89' lang='lat' dir='ltr'><strong>non</strong></span> <span class='ocrx_word' id='word_1_288' title='bbox 1397 2097 1541 2130; x_wconf 80' lang='lat' dir='ltr'><strong>barbari</strong></span> <span class='ocrx_word' id='word_1_289' title='bbox 1567 2099 1732 2139; x_wconf 71' lang='lat' dir='ltr'><strong>tabtum,</strong></span> 
     </span>
     <span class='ocr_line' id='line_1_33' title="bbox 298 2138 1733 2189; baseline 0.003 -17"><span class='ocrx_word' id='word_1_290' title='bbox 298 2138 363 2172; x_wconf 75' lang='lat' dir='ltr'><strong>sed</strong></span> <span class='ocrx_word' id='word_1_291' title='bbox 400 2139 483 2171; x_wconf 88' lang='lat' dir='ltr'><strong>Itali</strong></span> <span class='ocrx_word' id='word_1_292' title='bbox 511 2151 655 2185; x_wconf 89' lang='lat' dir='ltr'><strong>quoque</strong></span> <span class='ocrx_word' id='word_1_293' title='bbox 682 2146 719 2173; x_wconf 90' lang='lat' dir='ltr'><strong>et</strong></span> <span class='ocrx_word' id='word_1_294' title='bbox 741 2141 826 2181; x_wconf 90' lang='lat' dir='ltr'><strong>alii,</strong></span> <span class='ocrx_word' id='word_1_295' title='bbox 857 2141 990 2187; x_wconf 88' lang='lat' dir='ltr'><strong>quibus</strong></span> <span class='ocrx_word' id='word_1_296' title='bbox 1023 2143 1176 2187; x_wconf 88' lang='lat' dir='ltr'><strong>imperia</strong></span> <span class='ocrx_word' id='word_1_297' title='bbox 1196 2148 1290 2183; x_wconf 84' lang='lat' dir='ltr'><strong>sunt,</strong></span> <span class='ocrx_word' id='word_1_298' title='bbox 1323 2144 1562 2176; x_wconf 87' lang='lat' dir='ltr'><strong>Romanorum</strong></span> <span class='ocrx_word' id='word_1_299' title='bbox 1584 2155 1733 2189; x_wconf 85' lang='lat' dir='ltr'><strong>regnum</strong></span> 
     </span>
     <span class='ocr_line' id='line_1_34' title="bbox 299 2186 1608 2234; baseline 0.002 -15"><span class='ocrx_word' id='word_1_300' title='bbox 299 2190 336 2219; x_wconf 83' lang='lat' dir='ltr'><strong>et</strong></span> <span class='ocrx_word' id='word_1_301' title='bbox 367 2186 440 2217; x_wconf 87' lang='lat' dir='ltr'><strong>suis</strong></span> <span class='ocrx_word' id='word_1_302' title='bbox 466 2191 503 2218; x_wconf 87' lang='lat' dir='ltr'><strong>et</strong></span> <span class='ocrx_word' id='word_1_303' title='bbox 528 2186 679 2218; x_wconf 87' lang='lat' dir='ltr'><strong>aliorum</strong></span> <span class='ocrx_word' id='word_1_304' title='bbox 704 2187 867 2231; x_wconf 85' lang='lat' dir='ltr'><strong>imperiis</strong></span> <span class='ocrx_word' id='word_1_305' title='bbox 897 2189 1010 2221; x_wconf 89' lang='lat' dir='ltr'><strong>maius</strong></span> <span class='ocrx_word' id='word_1_306' title='bbox 1034 2189 1212 2234; x_wconf 84' lang='lat' dir='ltr'><strong>longeque</strong></span> <span class='ocrx_word' id='word_1_307' title='bbox 1238 2189 1367 2222; x_wconf 84' lang='lat' dir='ltr'><strong>clarius</strong></span> <span class='ocrx_word' id='word_1_308' title='bbox 1393 2190 1608 2223; x_wconf 80' lang='lat' dir='ltr'><strong>existimant.</strong></span> 
     </span>
     <span class='ocr_line' id='line_1_35' title="bbox 389 2231 1732 2282; baseline 0.005 -19"><span class='ocrx_word' id='word_1_309' title='bbox 389 2231 443 2275; x_wconf 85' lang='grc' dir='ltr'><strong><em>ίμ.</em></strong></span> <span class='ocrx_word' id='word_1_310' title='bbox 494 2231 559 2264; x_wconf 90' lang='lat' dir='ltr'><strong>Per</strong></span> <span class='ocrx_word' id='word_1_311' title='bbox 581 2231 679 2264; x_wconf 88' lang='lat' dir='ltr'><strong>idem</strong></span> <span class='ocrx_word' id='word_1_312' title='bbox 704 2237 864 2277; x_wconf 88' lang='lat' dir='ltr'><strong>tempus,</strong></span> <span class='ocrx_word' id='word_1_313' title='bbox 899 2234 1023 2267; x_wconf 87' lang='lat' dir='ltr'><strong>eadem</strong></span> <span class='ocrx_word' id='word_1_314' title='bbox 1046 2235 1248 2269; x_wconf 86' lang='lat' dir='ltr'><strong>indictione</strong></span> <span class='ocrx_word' id='word_1_315' title='bbox 1286 2241 1426 2277; x_wconf 86' lang='lat' dir='ltr'><strong>octava,</strong></span> <span class='ocrx_word' id='word_1_316' title='bbox 1460 2241 1587 2282; x_wconf 84' lang='lat' dir='ltr'><strong>quarto</strong></span> <span class='ocrx_word' id='word_1_317' title='bbox 1611 2235 1732 2270; x_wconf 76' lang='lat' dir='ltr'><strong>Nonas</strong></span> 
     </span>
     <span class='ocr_line' id='line_1_36' title="bbox 296 2276 1732 2326; baseline 0.003 -16"><span class='ocrx_word' id='word_1_318' title='bbox 296 2276 531 2317; x_wconf 84' lang='lat' dir='ltr'><strong>Februarias,</strong></span> <span class='ocrx_word' id='word_1_319' title='bbox 562 2289 674 2321; x_wconf 87' lang='lat' dir='ltr'><strong>nepos</strong></span> <span class='ocrx_word' id='word_1_320' title='bbox 705 2279 897 2323; x_wconf 87' lang='lat' dir='ltr'><strong>imperator</strong></span> <span class='ocrx_word' id='word_1_321' title='bbox 927 2280 972 2313; x_wconf 91' lang='lat' dir='ltr'><strong>ab</strong></span> <span class='ocrx_word' id='word_1_322' title='bbox 1008 2290 1072 2313; x_wconf 86' lang='lat' dir='ltr'><strong>avo</strong></span> <span class='ocrx_word' id='word_1_323' title='bbox 1107 2282 1147 2315; x_wconf 91' lang='lat' dir='ltr'><strong>in</strong></span> <span class='ocrx_word' id='word_1_324' title='bbox 1174 2281 1264 2314; x_wconf 86' lang='lat' dir='ltr'><strong>aede</strong></span> <span class='ocrx_word' id='word_1_325' title='bbox 1288 2280 1463 2326; x_wconf 85' lang='lat' dir='ltr'><strong>Sophiae,</strong></span> <span class='ocrx_word' id='word_1_326' title='bbox 1487 2283 1591 2315; x_wconf 85' lang='lat' dir='ltr'><strong>Esaia</strong></span> <span class='ocrx_word' id='word_1_327' title='bbox 1616 2282 1732 2326; x_wconf 82' lang='lat' dir='ltr'><strong>patri-</strong></span> 
     </span>
     <span class='ocr_line' id='line_1_37' title="bbox 296 2322 1731 2373; baseline 0.003 -17"><span class='ocrx_word' id='word_1_328' title='bbox 296 2322 481 2356; x_wconf 85' lang='lat' dir='ltr'><strong>archatum</strong></span> <span class='ocrx_word' id='word_1_329' title='bbox 505 2323 707 2363; x_wconf 82' lang='lat' dir='ltr'><strong>obtinente,</strong></span> <span class='ocrx_word' id='word_1_330' title='bbox 733 2330 920 2358; x_wconf 87' lang='lat' dir='ltr'><strong>coronatus</strong></span> <span class='ocrx_word' id='word_1_331' title='bbox 945 2332 1018 2360; x_wconf 86' lang='lat' dir='ltr'><strong>est:</strong></span> <span class='ocrx_word' id='word_1_332' title='bbox 1044 2338 1136 2372; x_wconf 87' lang='lat' dir='ltr'><strong>quae</strong></span> <span class='ocrx_word' id='word_1_333' title='bbox 1174 2326 1321 2372; x_wconf 90' lang='lat' dir='ltr'><strong>quidem</strong></span> <span class='ocrx_word' id='word_1_334' title='bbox 1353 2328 1582 2373; x_wconf 79' lang='lat' dir='ltr'><strong>imperatoria</strong></span> <span class='ocrx_word' id='word_1_335' title='bbox 1604 2328 1731 2360; x_wconf 86' lang='lat' dir='ltr'><strong>initia-</strong></span> 
     </span>
     <span class='ocr_line' id='line_1_38' title="bbox 296 2368 1728 2419; baseline 0.003 -17"><span class='ocrx_word' id='word_1_336' title='bbox 296 2370 350 2402; x_wconf 87' lang='lat' dir='ltr'><strong>tio</strong></span> <span class='ocrx_word' id='word_1_337' title='bbox 376 2369 440 2402; x_wconf 86' lang='lat' dir='ltr'><strong>tali</strong></span> <span class='ocrx_word' id='word_1_338' title='bbox 467 2368 573 2402; x_wconf 86' lang='lat' dir='ltr'><strong>modo</strong></span> <span class='ocrx_word' id='word_1_339' title='bbox 606 2371 799 2414; x_wconf 83' lang='lat' dir='ltr'><strong>peragitur.</strong></span> <span class='ocrx_word' id='word_1_340' title='bbox 858 2372 1018 2405; x_wconf 82' lang='lat' dir='ltr'><strong>Instante</strong></span> <span class='ocrx_word' id='word_1_341' title='bbox 1053 2372 1112 2405; x_wconf 88' lang='lat' dir='ltr'><strong>die</strong></span> <span class='ocrx_word' id='word_1_342' title='bbox 1146 2373 1354 2417; x_wconf 86' lang='lat' dir='ltr'><strong>praefinita,</strong></span> <span class='ocrx_word' id='word_1_343' title='bbox 1388 2385 1459 2419; x_wconf 86' lang='lat' dir='ltr'><strong>qua</strong></span> <span class='ocrx_word' id='word_1_344' title='bbox 1490 2373 1728 2407; x_wconf 84' lang='lat' dir='ltr'><strong>constitutum</strong></span> 
     </span>
     <span class='ocr_line' id='line_1_39' title="bbox 297 2418 1790 2465; baseline 0.004 -18"><span class='ocrx_word' id='word_1_345' title='bbox 297 2420 351 2447; x_wconf 83' lang='lat' dir='ltr'><strong>est</strong></span> <span class='ocrx_word' id='word_1_346' title='bbox 379 2420 515 2448; x_wconf 87' lang='lat' dir='ltr'><strong>sacrato</strong></span> <span class='ocrx_word' id='word_1_347' title='bbox 547 2422 729 2460; x_wconf 86' lang='lat' dir='ltr'><strong>unguento</strong></span> <span class='ocrx_word' id='word_1_348' title='bbox 754 2418 1007 2460; x_wconf 85' lang='lat' dir='ltr'><strong>imperatorem</strong></span> <span class='ocrx_word' id='word_1_349' title='bbox 1029 2419 1224 2463; x_wconf 88' lang='lat' dir='ltr'><strong>inungere,</strong></span> <span class='ocrx_word' id='word_1_350' title='bbox 1261 2430 1407 2460; x_wconf 87' lang='lat' dir='ltr'><strong>omnes,</strong></span> <span class='ocrx_word' id='word_1_351' title='bbox 1434 2420 1498 2464; x_wconf 85' lang='lat' dir='ltr'><strong>qui</strong></span> <span class='ocrx_word' id='word_1_352' title='bbox 1521 2420 1643 2465; x_wconf 86' lang='lat' dir='ltr'><strong>aliqua</strong></span> <span class='ocrx_word' id='word_1_353' title='bbox 1666 2419 1726 2453; x_wconf 82' lang='lat' dir='ltr'><strong>‹li-</strong></span> <span class='ocrx_word' id='word_1_354' title='bbox 1786 2441 1790 2447; x_wconf 89' lang='lat'><em>·</em></span> 
     </span>
    </p>

    <p class='ocr_par' dir='ltr' id='par_1_10' title="bbox 270 2461 1727 2743">
     <span class='ocr_line' id='line_1_40' title="bbox 295 2461 1727 2509; baseline 0.004 -16"><span class='ocrx_word' id='word_1_355' title='bbox 295 2461 432 2505; x_wconf 88' lang='lat' dir='ltr'><strong>gnitate</strong></span> <span class='ocrx_word' id='word_1_356' title='bbox 456 2461 664 2506; x_wconf 80' lang='lat' dir='ltr'><strong>funguntur,</strong></span> <span class='ocrx_word' id='word_1_357' title='bbox 690 2467 726 2494; x_wconf 88' lang='lat' dir='ltr'><strong>et</strong></span> <span class='ocrx_word' id='word_1_358' title='bbox 749 2473 913 2505; x_wconf 87' lang='lat' dir='ltr'><strong>proceres</strong></span> <span class='ocrx_word' id='word_1_359' title='bbox 939 2469 975 2496; x_wconf 91' lang='lat' dir='ltr'><strong>et</strong></span> <span class='ocrx_word' id='word_1_360' title='bbox 997 2465 1146 2505; x_wconf 87' lang='lat' dir='ltr'><strong>milites,</strong></span> <span class='ocrx_word' id='word_1_361' title='bbox 1173 2467 1261 2509; x_wconf 86' lang='lat' dir='ltr'><strong>quin</strong></span> <span class='ocrx_word' id='word_1_362' title='bbox 1287 2466 1394 2498; x_wconf 81' lang='lat' dir='ltr'><strong>etiam</strong></span> <span class='ocrx_word' id='word_1_363' title='bbox 1418 2466 1464 2499; x_wconf 86' lang='lat' dir='ltr'><strong>ad</strong></span> <span class='ocrx_word' id='word_1_364' title='bbox 1488 2477 1584 2499; x_wconf 87' lang='lat' dir='ltr'><strong>sacra</strong></span> <span class='ocrx_word' id='word_1_365' title='bbox 1609 2466 1727 2500; x_wconf 86' lang='lat' dir='ltr'><strong>eccle-</strong></span> 
     </span>
     <span class='ocr_line' id='line_1_41' title="bbox 270 2504 1724 2556; baseline 0.004 -17"><span class='ocrx_word' id='word_1_366' title='bbox 270 2504 368 2539; x_wconf 53' lang='lat' dir='ltr'><strong>&#39;siae</strong></span> <span class='ocrx_word' id='word_1_367' title='bbox 399 2506 507 2540; x_wconf 90' lang='lat' dir='ltr'><strong>huius</strong></span> <span class='ocrx_word' id='word_1_368' title='bbox 544 2519 658 2541; x_wconf 89' lang='lat' dir='ltr'><strong>novae</strong></span> <span class='ocrx_word' id='word_1_369' title='bbox 689 2509 820 2541; x_wconf 89' lang='lat' dir='ltr'><strong>Romae</strong></span> <span class='ocrx_word' id='word_1_370' title='bbox 852 2509 1092 2552; x_wconf 85' lang='lat' dir='ltr'><strong>gubernacula</strong></span> <span class='ocrx_word' id='word_1_371' title='bbox 1126 2510 1331 2550; x_wconf 86' lang='lat' dir='ltr'><strong>sedentem,</strong></span> <span class='ocrx_word' id='word_1_372' title='bbox 1363 2511 1539 2556; x_wconf 89' lang='lat' dir='ltr'><strong>populum</strong></span> <span class='ocrx_word' id='word_1_373' title='bbox 1575 2512 1724 2556; x_wconf 86' lang='lat' dir='ltr'><strong>insuper</strong></span> 
     </span>
     <span class='ocr_line' id='line_1_42' title="bbox 293 2553 1723 2601; baseline 0.004 -16"><span class='ocrx_word' id='word_1_374' title='bbox 293 2553 499 2586; x_wconf 87' lang='lat' dir='ltr'><strong>universum</strong></span> <span class='ocrx_word' id='word_1_375' title='bbox 531 2553 671 2587; x_wconf 83' lang='lat' dir='ltr'><strong>oriente</strong></span> <span class='ocrx_word' id='word_1_376' title='bbox 702 2554 782 2587; x_wconf 88' lang='lat' dir='ltr'><strong>luce</strong></span> <span class='ocrx_word' id='word_1_377' title='bbox 826 2555 873 2587; x_wconf 89' lang='lat' dir='ltr'><strong>ad</strong></span> <span class='ocrx_word' id='word_1_378' title='bbox 895 2556 1068 2599; x_wconf 86' lang='lat' dir='ltr'><strong>palatium</strong></span> <span class='ocrx_word' id='word_1_379' title='bbox 1095 2557 1286 2590; x_wconf 90' lang='lat' dir='ltr'><strong>convenire</strong></span> <span class='ocrx_word' id='word_1_380' title='bbox 1317 2562 1470 2601; x_wconf 84' lang='lat' dir='ltr'><strong>oportet.</strong></span> <span class='ocrx_word' id='word_1_381' title='bbox 1543 2557 1618 2591; x_wconf 91' lang='lat' dir='ltr'><strong>Suh</strong></span> <span class='ocrx_word' id='word_1_382' title='bbox 1652 2557 1723 2591; x_wconf 89' lang='lat' dir='ltr'><strong>ho-</strong></span> 
     </span>
     <span class='ocr_line' id='line_1_43' title="bbox 292 2598 1726 2648; baseline 0.004 -17"><span class='ocrx_word' id='word_1_383' title='bbox 292 2610 368 2632; x_wconf 87' lang='lat' dir='ltr'><strong>ram</strong></span> <span class='ocrx_word' id='word_1_384' title='bbox 389 2598 463 2632; x_wconf 89' lang='lat' dir='ltr'><strong>diei</strong></span> <span class='ocrx_word' id='word_1_385' title='bbox 481 2600 634 2632; x_wconf 84' lang='lat' dir='ltr'><strong>maxime</strong></span> <span class='ocrx_word' id='word_1_386' title='bbox 657 2599 864 2641; x_wconf 87' lang='lat' dir='ltr'><strong>secundam,</strong></span> <span class='ocrx_word' id='word_1_387' title='bbox 888 2601 1103 2644; x_wconf 86' lang='lat' dir='ltr'><strong>imperatore</strong></span> <span class='ocrx_word' id='word_1_388' title='bbox 1125 2601 1332 2646; x_wconf 86' lang='lat' dir='ltr'><strong>inungendo</strong></span> <span class='ocrx_word' id='word_1_389' title='bbox 1357 2614 1464 2648; x_wconf 79' lang='lat' dir='ltr'><strong>super</strong></span> <span class='ocrx_word' id='word_1_390' title='bbox 1485 2609 1624 2637; x_wconf 86' lang='lat' dir='ltr'><strong>scutum</strong></span> <span class='ocrx_word' id='word_1_391' title='bbox 1643 2605 1726 2637; x_wconf 88' lang='lat' dir='ltr'><strong>ele-</strong></span> 
     </span>
     <span class='ocr_line' id='line_1_44' title="bbox 291 2645 1723 2695; baseline 0.003 -17"><span class='ocrx_word' id='word_1_392' title='bbox 291 2650 376 2678; x_wconf 84' lang='lat' dir='ltr'><strong>vato</strong></span> <span class='ocrx_word' id='word_1_393' title='bbox 393 2670 403 2686; x_wconf 94' lang='lat'><strong>,</strong></span> <span class='ocrx_word' id='word_1_394' title='bbox 428 2645 622 2689; x_wconf 89' lang='lat' dir='ltr'><strong>imperator</strong></span> <span class='ocrx_word' id='word_1_395' title='bbox 644 2656 773 2690; x_wconf 76' lang='lat' dir='ltr'><strong>parens</strong></span> <span class='ocrx_word' id='word_1_396' title='bbox 798 2647 999 2680; x_wconf 83' lang='lat' dir='ltr'><strong>renuntiati</strong></span> <span class='ocrx_word' id='word_1_397' title='bbox 1025 2648 1268 2692; x_wconf 85' lang='lat' dir='ltr'><strong>imperatoris,</strong></span> <span class='ocrx_word' id='word_1_398' title='bbox 1293 2649 1323 2680; x_wconf 89' lang='lat' dir='ltr'><strong>si</strong></span> <span class='ocrx_word' id='word_1_399' title='bbox 1348 2654 1523 2694; x_wconf 84' lang='lat' dir='ltr'><strong>superest,</strong></span> <span class='ocrx_word' id='word_1_400' title='bbox 1547 2654 1584 2682; x_wconf 87' lang='lat' dir='ltr'><strong>et</strong></span> <span class='ocrx_word' id='word_1_401' title='bbox 1599 2651 1723 2695; x_wconf 86' lang='lat' dir='ltr'><strong>patri-</strong></span> 
     </span>
     <span class='ocr_line' id='line_1_45' title="bbox 294 2689 1722 2743; baseline 0.005 -20"><span class='ocrx_word' id='word_1_402' title='bbox 294 2689 399 2725; x_wconf 80' lang='lat' dir='ltr'><strong>archa</strong></span> <span class='ocrx_word' id='word_1_403' title='bbox 415 2691 596 2727; x_wconf 67' lang='lat' dir='ltr'><strong>anteriora</strong></span> <span class='ocrx_word' id='word_1_404' title='bbox 624 2693 717 2726; x_wconf 72' lang='lat' dir='ltr'><strong>mati</strong></span> <span class='ocrx_word' id='word_1_405' title='bbox 738 2691 1063 2738; x_wconf 72' lang='lat' dir='ltr'><strong>apprehendentes,</strong></span> <span class='ocrx_word' id='word_1_406' title='bbox 1085 2694 1198 2728; x_wconf 77' lang='lat' dir='ltr'><strong>latera</strong></span> <span class='ocrx_word' id='word_1_407' title='bbox 1220 2699 1342 2728; x_wconf 77' lang='lat' dir='ltr'><strong>autem</strong></span> <span class='ocrx_word' id='word_1_408' title='bbox 1365 2700 1402 2730; x_wconf 80' lang='lat' dir='ltr'><strong>et</strong></span> <span class='ocrx_word' id='word_1_409' title='bbox 1422 2696 1624 2742; x_wconf 82' lang='lat' dir='ltr'><strong>posteriora</strong></span> <span class='ocrx_word' id='word_1_410' title='bbox 1655 2696 1722 2743; x_wconf 82' lang='lat' dir='ltr'><strong>qui</strong></span> 
     </span>
    </p>
   </div>
  </div>
 </body>
</html>
