1852 3146
364 70 466 124 272
877 66 1240 111 CANTACUZENI

170 170 428 215 A.C.13282·sc,·
451 163 550 221 πρὸς
575 167 777 220 βασιλέως
803 167 880 207 τοῦ
907 166 1110 220 πολέμου,
1151 170 1208 220 εἷς
1235 167 1380 223 λόγους
1407 171 1669 224 κατέστησανἶ
1684 172 1768 224 μοῖς

357 231 808 284 συμπολιορκουμένοις.
836 231 908 271 καί
931 232 1102 288 Λυζικῷ
1126 234 1205 285 μὲν
1231 235 1286 290 τῷ
1310 235 1383 288 τῆς
1411 231 1669 290 ἀκροπόλεως
1688 228 1770 288 ι,εἷρ-

353 311 470 348 χοντι
491 294 566 334 οὐκ
592 292 755 349 ἔφασαν
783 296 879 350 περὶ
903 295 976 348 τῆς
1003 297 1202 352 σφετέρας
1223 297 1419 352 πατρίδος
1434 296 1646 351 βουλεύειν
1666 313 1768 351 συγ-

352 355 577 413 χωρήσειν,
607 356 751 414 ὲτέρας
790 353 889 400 ὄντα
915 359 1072 407 πόλεως
1111 363 1304 415 πολίτην,
1342 358 1414 414 ὃν,
1451 364 1770 418 βασιλεῖιπροσ-

353 422 599 477 χωρησάσης
624 422 859 478 Βερῥοίας,
906 422 943 465 οἱ
971 430 1197 478 συγγενεῖς,
1227 420 1277 467 ὄν
1302 443 1344 468 τι
1378 425 1450 468 καί
1485 421 1742 483 προσκρούσῃ
1754 433 1799 479 ,5

354 485 643 542 ἐξαιτήσονται·
671 494 757 537 τοῖς
775 488 815 529 ‹5’
839 483 984 538 ἄλλοις
1012 489 1060 530 οὗ
1092 490 1248 531 δίκαιον
1274 487 1380 532 εἶναι
1406 489 1544 546 ἔλεγον
1566 490 1666 533 ὀὐδὲ
1695 493 1771 544 λυτ

357 553 529 605 σιτελὲς,
566 554 635 606 τῆς
675 547 800 608 ἄλλης
838 553 999 608 ἀπάσης
1024 553 1178 604 πόλεως
1205 553 1557 611 προσχωρησάσης
1579 553 1768 610 βασιλεῖ,

362 614 514 666 αὐτοὺς
542 615 814 661 ἀπίστασθαι
851 620 922 660 καί
945 622 1146 671 πολεμεῖν.
1174 614 1268 660 οὔτε
1295 617 1374 675 γὰρ
1399 612 1647 674 Ιδυνήσονται
1670 615 1771 662 ἔαυ-

313 677 449 729 Βτούς
491 697 536 721 τε
578 681 649 722 καί
688 680 765 736 τήν
811 676 943 738 ἄκραν
982 684 1210 737 περισῶσαι
1247 683 1367 735 μόνοι
1410 683 1770 739 ε’ναπειλῃμμὲνοι,

354 747 434 788 τῶν
471 762 515 787 τε
550 747 594 787 ἐκ
634 748 781 802 Φερῶν
818 743 920 788 κατὰ
944 747 1199 800 ’συμμαχίαν
1236 747 1476 803 ἀφιγμένων
1502 746 1823 806 ἡττημένων,ιο

355 808 426 851 καί
456 810 528 851 οὐκ
553 806 602 851 ἂν
624 808 775 866 ἑτέρων
800 809 1084 865 τολμησάντων
1106 811 1254 853 ἐλθεῖν.
1270 808 1325 866 ,,ἣ’
1351 827 1394 853 τε
1417 811 1773 870 βὰσιλέοοςσζτρα-

354 873 423 914 τιὰ
463 872 590 928 πολλή
626 890 670 915 τε
709 876 781 916 καί
820 873 1074 929 ἀξιόμαχος,
1117 875 1190 917 καί
1225 877 1397 930 προσέτι
1433 875 1549 918 πᾶσα
1583 875 1612 932 ἧ
1654 874 1775 924 πόλις

354 939 563 992 πανδημεὶ
611 938 943 994 προσκαθήμενοι
993 936 1375 994 ἐκπολιορκήσουσιν
1400 939 1524 995 ἡμᾶς.
1558 940 1602 983 εἰ.
1629 940 1679 985 δὲ
1704 939 1778 982 καί

356 1001 563 1054 ἀντισχεῖν
608 1003 870 1057 δυνησόμεθα
915 1001 1018 1058 πρὸς
1058 1002 1211 1057 ὀλίγον,
1239 1004 1541 1059 ἀμφοτέρωθεν
1568 1001 1773 1060 ζημιωσό-

354 1069 476 1117 μεθα.
506 1061 559 1108 ὅν
586 1082 630 1108 τε
657 1067 734 1122 γὰρ
764 1069 949 1122 νικῶμεν,
979 1070 1128 1124 φίλους
1153 1069 1226 1110 καί
1250 1067 1346 1117 τοὺς
1373 1066 1636 1119 οἰκειοτάτους
1654 1067 1825 1125 ⁴031710-15

332 1145 336 1147 Δ
360 1132 591 1184 κτενοῦμεν,
619 1126 669 1173 ἷὶν
686 1148 728 1173 τε
750 1132 982 1187 ἡττώμεθα,
1011 1132 1163 1188 ἀνάγκη
1187 1129 1473 1188 ἀποθνήσκειν.
1491 1129 1520 1176 ἃ
1539 1132 1591 1190 δὴ
1610 1129 1773 1176 ἅπαντα

357 1194 405 1234 οὐ
427 1193 527 1250 πρὸς
546 1196 671 1250 ἡμῶν.
701 1198 741 1238 εἰ
762 1199 840 1250 μὲν
864 1192 937 1239 οὖν
962 1197 1035 1240 καί
1051 1195 1151 1250 ὑμῖν
1175 1200 1308 1240 ταῦτα
1323 1200 1525 1242 συνδοκεῖ·
1551 1199 1591 1241 εἰ
1614 1199 1654 1240 δ’
1675 1191 1774 1253 οὖν,

356 1253 445 1298 ἀλλ’
466 1258 582 1313 ἡμεῖς
617 1277 661 1314 γε
681 1261 788 1315 ἡμᾶς
815 1277 859 1303 τε
886 1259 1038 1310 αὖτοὺς
1061 1261 1132 1303 καί
1151 1261 1223 1316 τὴν
1254 1261 1476 1317 ἀκρόπολιν
1494 1263 1774 1318 ἐγχειρίσομεν

355 1324 555 1374 βασιλεῖ.”
592 1325 717 1378 οἱμὲν
737 1321 810 1368 οὖν
834 1328 1004 1368 τοιαῦτα
1024 1323 1147 1369 εἶπον·
1176 1325 1362 1378 Λυζικὸς
1394 1328 1440 1369 δὲ
1467 1329 1540 1369 καί
1561 1323 1649 1369 ὅσοι
1670 1321 1775 1383 ἦσαν

231 1389 265 1421 Ρ.
281 1385 349 1424 168
359 1387 415 1441 τῷ
437 1390 699 1447 πρεσβυτέρῳ
726 1393 1008 1446 προσκείμενοι
1028 1395 1202 1445 βασιλεῖ,
1216 1391 1292 1432 οὖκ
1317 1390 1477 1444 ἔχοντες
1501 1388 1579 1444 ὅ,τι
1598 1390 1829 1447 δράσαι-ρο

355 1465 425 1501 εν,
458 1449 546 1505 ἅμα
573 1460 656 1503 τοῖς
684 1449 820 1504 ἄλλοις
843 1455 1070 1511 ἀμνηστίαν
1098 1454 1334 1511 αἰτήσαντες
1360 1454 1404 1497 εἴ
1431 1472 1474 1498 τι
1499 1456 1772 1512 προσκεκρού-

354 1530 450 1557 κασι
476 1516 578 1572 πρὸς
601 1519 774 1572 βασιλέα
792 1553 805 1573 ,
837 1523 909 1562 καί
933 1519 1152 1574 τυχόντες,
1180 1522 1414 1575 παρέδοσαν
1439 1518 1514 1576 τὴν
1539 1519 1774 1577 ἀκρόπολιν.

316 1578 344 1611 Β
464 1580 538 1623 νδ’.
591 1584 685 1624 Καί
719 1583 939 1639 παρελθών
979 1582 1000 1626 ὃ
1025 1583 1242 1638 βασιλεὺς,
1269 1585 1343 1627 καί
1368 1580 1455 1626 ὅσοι
1480 1579 1584 1639 ἦσαν
1611 1585 1694 1627 τῶν
1722 1583 1776 1642 τοὶ

356 1692 512 1736 perator-i
535 1702 656 1735 parum
675 1691 768 1725 bene
796 1692 977 1734 volebant,
1001 1692 1188 1726 sententiis
1214 1693 1251 1726 et
1268 1693 1394 1726 animis
1419 1691 1463 1726 ab
1487 1692 1569 1726 aliis
1593 1703 1657 1738 per
1676 1693 1772 1727 sediss

357 1738 493 1769 tionem
514 1737 750 1782 discrepantes
769 1739 982 1771 et-inducias
1004 1751 1023 1770 a
1048 1740 1188 1770 iuniore
1216 1739 1428 1780 imperatore
1464 1745 1672 1781 poscentes,
1691 1739 1772 1772 illos

357 1782 446 1814 alios
465 1793 533 1814 una
555 1794 671 1817 secum
693 1783 852 1816 obsessos
875 1784 1023 1816 allocuti
1044 1788 1151 1815 sunt:
1176 1782 1220 1814 Et
1237 1781 1364 1824 Lyzico
1385 1780 1542 1827 quidem*
1555 1785 1646 1817 arcis
1665 1795 1773 1828 prae-—

355 1828 470 1867 fecto,
497 1833 538 1860 ut
566 1829 609 1861 de
643 1830 756 1872 patria
786 1830 943 1871 ipsorum
970 1832 1162 1867 statueret,
1197 1838 1270 1860 non
1293 1838 1331 1860 se
1355 1829 1586 1871 permissuros
1613 1830 1772 1872 aiebant,

357 1884 436 1906 cum
459 1878 551 1906 esset
574 1874 658 1906 civis
681 1873 826 1906 alterius
850 1874 1024 1914 civitatis,
1049 1873 1247 1906 Berrhoeae
1269 1873 1439 1905 nimirum
1453 1897 1463 1915 ,
1487 1885 1557 1920 qua
1579 1874 1625 1908 ad
1655 1872 1772 1920 impe-

356 1924 509 1952 ratorem
537 1919 722 1958 adiuncta,
758 1918 954 1963 putabant,
982 1920 1010 1951 si
1037 1919 1124 1963 quid
1151 1919 1214 1953 ille
1238 1918 1466 1961 offendisset,
1501 1926 1665 1966 cognatos
1695 1923 1772 1956 eius

355 1975 507 2009 poenam
526 1964 784 2008 deprecaturos.
831 1965 944 1996 Alteri
967 1965 1116 1997 factioni
1142 1963 1327 2004 dicebant,
1351 1975 1418 1998 nec
1439 1965 1572 1999 iustum
1595 1977 1682 2009 esse,
1706 1978 1773 2001 nec

357 2011 458 2051 utile,
483 2022 560 2043 cum
573 2011 711 2055 reliqua
731 2010 815 2043 urbs
836 2011 948 2043 omnis
975 2011 1012 2043 in
1036 2009 1142 2043 fidem
1166 2010 1388 2054 imperatoris
1411 2013 1653 2054 concessisset,
1677 2011 1772 2059 ipsos

358 2055 476 2088 obniti
499 2062 535 2088 et
548 2056 770 2100 belligerare.
819 2055 899 2091 Non
916 2056 1011 2097 enim
1034 2067 1112 2088 cum
1134 2056 1240 2088 simus
1263 2057 1469 2098 interclusi,
1497 2057 1566 2094 soli
1589 2064 1626 2093 et
1645 2069 1710 2092 nos
1725 2063 1773 2093 *et

358 2112 474 2134 arcem
491 2113 628 2134 servare
649 2112 852 2146 possumus3
879 2106 915 2134 et
937 2103 999 2146 qui
1030 2101 1150 2134 Pheris
1178 2101 1313 2135 auxilio
1349 2109 1525 2137 venerunt
1551 2104 1638 2139 victi
1669 2109 1771 2146 sunt,

359 2153 395 2180 et
414 2148 476 2179 alii
496 2148 616 2179 venire
639 2159 711 2180 non
730 2147 921 2180 audebunt.
960 2147 1091 2191 Copiae
1106 2148 1325 2191 imperatoris
1345 2159 1488 2194 magnae
1507 2154 1544 2182 et
1561 2148 1775 2191 bellicosae,
1797 2154 1799 2156 ’

357 2198 538 2237 praeterea
572 2198 667 2226 totus
695 2194 847 2238 populus
875 2192 1083 2226 assidebunt
1115 2199 1151 2226 et
1180 2193 1434 2239 expugnabunt
1457 2205 1532 2228 nos.
1581 2196 1698 2241 Atque
1731 2201 1774 2230 ut

359 2238 581 2283 aliquamdiu
605 2238 819 2279 resistamus,
845 2239 1014 2283 utrinque
1042 2244 1159 2271 tamen
1188 2239 1396 2283 plectemur.
1435 2240 1515 2275 Sive
1535 2241 1630 2274 enim
1647 2242 1771 2282 ¹vinca-

357 2295 456 2323 mus,
482 2285 611 2316 amicos
633 2289 670 2316 et
684 2285 1000 2328 propinquissimus
1033 2284 1301 2325 interimemus,
1334 2285 1627 2327 sive-vincamur,
1661 2287 1772 2321 mori-

359 2329 490 2362 endum
521 2331 590 2362 erit
616 2331 833 2372 necessar103
864 2341 954 2374 quae
979 2330 1098 2363 omnia
1127 2342 1147 2362 a
1180 2329 1285 2363 nobis
1317 2330 1433 2364 aliena
1463 2337 1555 2365 sunt.
1589 2331 1627 2365 Si
1648 2333 1770 2378 itaque

363 2380 400 2408 et
424 2374 526 2407 vobis
550 2374 739 2419 probatur,
763 2377 815 2408 ita
852 2371 1044 2417 faciamus;
1079 2377 1134 2408 sin
1162 2375 1299 2418 minus,
1323 2381 1360 2409 at
1385 2380 1480 2410 certe
1509 2388 1572 2410 nos
1593 2388 1672 2411 cum
1691 2390 1770 2412 arce

358 2425 498 2453 nosmet
517 2421 555 2454 in
576 2431 699 2453 manus
715 2422 937 2465 imperatoris
958 2421 1135 2454 dedemus.
1180 2420 1356 2454 Hactenus
1373 2422 1439 2456 illi.
1485 2422 1632 2466 Lyzicus
1653 2430 1771 2457 autem

360 2470 397 2499 et
422 2466 485 2510 qui
499 2477 520 2498 a
540 2467 680 2499 seniore
705 2466 906 2507 faciebant,
931 2467 1073 2499 consilii
1092 2467 1238 2510 inopes,
1260 2478 1331 2499 una
1349 2479 1426 2501 cum
1450 2467 1529 2502 aliis
1557 2469 1771 2514 impunitate

358 2512 491 2555 petita,
524 2512 554 2544 si
589 2511 677 2556 quid
718 2513 964 2556 imperatorem
997 2511 1248 2553 offendissent,
1292 2517 1328 2545 et
1369 2524 1409 2547 ea
1448 2514 1576 2559 adepta
1594 2539 1604 2555 ‚
1656 2526 1769 2548 arcem

360 2557 590 2592 tradiderunt.
1549 2576 1551 2578 -

451 2602 506 2646 54.
551 2602 727 2647 Ingressus
756 2603 967 2648 imperator,
1003 2602 1260 2650 adscriptisque
1292 2603 1337 2637 ad
1362 2614 1445 2638 suos
1486 2610 1664 2651 quotquot
1705 2616 1769 2647 avo
