1832 3132
504 94 878 146 HlsToRlARUM
917 103 950 142 1.
990 102 1057 150 57.
1110 91 1113 93 ’
1371 128 1373 133 .
1414 96 1520 151 297

81 207 325 262 συμμαχίας
342 203 434 261 τᾷν
456 205 637 249 Μυσῶν.
674 206 747 246 καί
770 203 920 246 αὐτίκα
960 200 1032 244 τὸν
1054 199 1366 254 Πεπαγωμένον
1386 198 1527 253 1*er-
1536 204 1621 240 A.c.
1637 203 1722 239 1328

79 285 172 327 γιον
195 273 367 326 πέμψας
387 268 494 326 πρὸς
518 267 787 324 βασιλέατὸν
812 269 1002 322 πάππον,
1042 267 1175 308 ἐδεῖτο
1196 265 1329 306 αὐτοῦ
1349 264 1408 321 μὴ
1431 262 1562 314 τοὺςΒ

79 337 230 393 λόγους
259 333 507 378 {tummim
537 335 597 385 αἷς
625 333 849 388 πολεμίου,
898 331 1004 377 ἀλλὰ
1042 334 1267 374 πείθεσθαι
1303 332 1376 372 καί
1415 330 1527 372 ‘Pm-

79 395 319 455 pulsarunt
345 395 459 458 αὔτῷ
485 399 816 454 συμβουλεύοντι
846 399 1153 442 λυσιτελοῦντα.
1204 398 1279 438 καί
1305 402 1393 445 τοῖς
1418 395 1527 438 κατὰ

35 467 333 522 ’δσνμμαχίαν
370 462 520 521 ἥκουσι
545 469 719 515 Μυσοῖς
741 465 846 522 πρὸς
875 466 954 518 μὲν
978 461 1053 505 τὸν
1079 465 1171 504 κατ’
1196 462 1327 504 αὐτοῦ
1348 461 1529 515 πόλεμον

80 528 132 587 ὅ,
153 547 204 574 τι
229 527 283 575 ἂν
310 531 508 587 βούλοιτο
543 533 764 588 χρῆσθαι,
813 529 1036 584 βασιλείων
1066 528 1114 569 δὲ
1145 525 1257 577 ἐντὸς
1294 527 1398 583 μήτε
1437 523 1529 580 ἅμα

80 598 253 648 πλείους
285 597 485 652 δέχεσθαι
528 597 722 650 Μυσῶν,
761 595 864 652 μήτε
895 591 1194 647 ὦπλισμένους·
1242 593 1332 634 ἀλλ’
1363 592 1408 635 εἴ
1431 608 1529 635 ποτε

79 662 156 705 καὶ
187 661 359 716 ἐσίοιεν,
398 661 561 718 ὀλίγους
593 677 639 704 τε
667 663 740 704 καί
771 658 878 703 κατὰ
905 659 1135 713 διαδοχὰς,
1183 660 1253 701 ἵνα
1278 656 1337 713 μή
1370 659 1528 700 δοκοῖεν

62 729 465 785 προπηλακίζεσθαι
499 725 721 782 σύμμαχοι
741 720 875 780 ὄντες,
904 724 978 768 καὶ
1015 720 1154 767 ὅπλων
1176 722 1324 780 χωρίς,
1346 722 1528 776 μάλιστα

17 794 132 836 ιἈίοδὲ
153 794 199 836 ἓν
227 793 403 850 οἷρίστου
425 795 478 851 τῇ
499 789 736 852 ἆτ’ρᾳπλείω
761 794 976 835 ποιεῖσθαι
996 787 1199 846 φυλακήν.
1240 788 1289 831 οὗ
1313 786 1396 843 μὴν
1420 785 1528 828 ἀλλὰ

79 859 154 901 καὶ
175 858 400 914 βασιλείων
430 858 546 909 ἐντὸς
578 856 782 916 στρατιὰν
807 856 1110 913 ἐγκαθιδρῦσαι
1145 851 1376 908 ἀξιόμαχον
1409 853 1560 902 ‘Pru-c

78 921 245 978 μαίων,
270 925 345 967 καὶ
366 925 414 968 ἐν
443 925 612 983 φυλακῇ
637 923 751 982 πάσῃ
778 920 931 966 ἑαυτόν
955 937 1001 965 τε
1027 922 1102 964 καί
1124 918 1199 976 τὴν
1221 919 1343 962 πόλιν
1367 923 1522 976 τηρεῖν.

30 1009 57 1041 ‘.
78 988 273 1032 ὑπονοεῖν
295 986 377 1045 γὰρ
403 989 450 1032 ἐκ
469 990 552 1032 τῶν
575 991 846 1047 πραγμάτων,
874 987 932 1038 ὥς
958 988 1013 1045 τῇ
1033 987 1210 1044 στρατιᾷ
1233 989 1403 1035 Μυσοῖς
1423 983 1529 1040 πρὸς

79 1055 157 1096 τοῦ
181 1055 388 1111 σφετέρου
411 1057 617 1110 βασιλέως
646 1054 710 1111 εἴη
738 1054 1108 1111 προστεταγμένον,
1139 1051 1191 1095 τὰ
1228 1054 1420 1106 βασίλεια
1434 1085 1446 1104 ,
1484 1052 1524 1092 εἰ
1534 1061 1574 1095 V.
1592 1059 1655 1105 146

19 1113 291 1174 awanam,
319 1117 424 1179 δόλῳ
449 1126 698 1175 κατασχεῖν,
724 1122 799 1163 καί
824 1118 895 1162 διὰ
927 1121 1054 1162 τοῦτο
1077 1117 1151 1161 καί
1172 1114 1298 1161 αὐτὸν
1318 1133 1530 1173 πανστρα-

80 1187 151 1244 τιᾷ
180 1183 255 1227 καὶ
273 1183 514 1243 συμμάχοις
540 1182 629 1240 ἅμα
654 1184 843 1234 Σκύθαις
877 1187 923 1228 ἐν
950 1185 1165 1240 μεθορίοις
1194 1185 1269 1238 τῆς
1299 1180 1433 1225 amito&
1458 1181 1531 1232 καὶ

76 1247 307 1304 Ῥωμαίων
337 1250 560 1306 ἡγεμονίας
588 1251 997 1308 ἐστρατοπεδεῦσθαι
1010 1284 1022 1304 ,
1060 1249 1117 1299 ὥς
1145 1250 1186 1291 εἶ
1215 1251 1458 1304 κατορθοῖτο
1500 1248 1531 1290 ἃ

81 1304 380 1372 προσετέτακτο
411 1311 551 1374 Ἰβάνῃ
563 1350 576 1370 ,
616 1316 661 1358 ἐν
689 1314 812 1374 ὀλίγῳ
845 1317 1089 1371 ἐπιβοηθοίη
1123 1315 1197 1358 καί
1225 1312 1362 1364 αὕτός.
1403 1313 1530 1356 ἀκού-

48 1378 55 1439 J
82 1396 163 1430 σας
189 1381 238 1422 δὲ
263 1379 286 1423 ὅ
312 1379 514 1436 βασιλεῦς
555 1379 585 1422 οἳ
611 1380 811 1437 μηνύοιτο
846 1380 962 1437 παρὰ
995 1382 1201 1434 βασιλέως
1233 1382 1312 1422 τοῦ
1344 1379 1529 1434 ἐγγόνου,

22 1445 141 1503 ’ποτῷ
164 1438 463 1505 Πεπαγωμένῳ
491 1447 570 1500 μὲν
603 1449 791 1489 ἐκέλευεν
816 1443 1091 1501 ἆπαγγέλλειν
1127 1443 1245 1503 αὐτῷ
1273 1444 1326 1487 τοὶ
1356 1444 1446 1487 ἴδια
1479 1439 1530 1486 εὖ

79 1509 303 1566 uvea-3021,
334 1510 408 1554 καὶ
435 1510 495 1568 μή
521 1508 676 1568 ἑτέροις
700 1512 782 1555 ὑπὸ
811 1512 1051 1569 φιλοτιμίας
1071 1508 1178 1554 εἶναι
1199 1510 1433 1566 βούλεσθαι
1464 1512 1528 1552 δι-

80 1575 298 1620 δῶωιαλον.
339 1576 426 1632 ὀὐχ
455 1572 584 1633 ἧσσον
609 1578 689 1635 γὰρ
723 1575 852 1630 αὐτὸς
886 1573 993 1619 εἶναι
1023 1575 1216 1634 ἔμπειρος
1259 1575 1567 1634 πραγμάτων,1)

182 1668 233 1703 ι8.
253 1665 476 1712 ἐπιβοηθοίη
499 1668 575 1705 ED.
591 1668 626 1705 P.
650 1678 715 1712 pro
735 1667 964 1711 ἐπιβοηθείη.

84 1761 148 1790 nes
171 1751 373 1789 {ammento
397 1752 530 1796 scripto
557 1751 768 1784 confirmare
789 1776 798 1792 ,
825 1763 944 1799 neque
969 1753 1157 1789 dominum
1179 1763 1283 1787 suum
1299 1756 1422 1786 contra
1444 1750 1527 1784 foe-

85 1797 152 1830 dus
183 1797 320 1843 egisse,
361 1807 481 1843 neque
517 1807 555 1830 se
594 1796 666 1829 huc
702 1808 781 1830 cum
820 1801 979 1833 exercitu
1018 1806 1141 1834 contra
1173 1801 1293 1843 ipsum
1327 1798 1526 1831 advenisse.

83 1843 196 1877 Lecto
222 1843 445 1885 iuramento,
473 1843 670 1888 imperator
693 1847 794 1876 tanto
827 1847 937 1890 magis
962 1846 1007 1879 de
1033 1847 1236 1881 Moesorum
1269 1847 1442 1878 societate
1464 1854 1526 1875 su-

86 1889 287 1934 spicionem
318 1900 419 1922 auam
454 1899 533 1923 esse
569 1899 689 1922 veram
713 1889 886 1932 credidit,
924 1896 961 1924 et
995 1893 1186 1925 confestim
1218 1891 1373 1936 Georgio
1407 1891 1526 1934 Pepa-

109 1946 238 1969 omeno
263 1934 310 1968 ad
337 1946 441 1969 avum
463 1936 585 1976 misso,
609 1936 757 1980 rogavit,
787 1947 835 1969 ne
859 1937 969 1970 verba
995 1949 1059 1971 sua
1084 1937 1197 1971 veluti
1220 1937 1334 1970 hostis
1359 1940 1528 1980 suspecta

115 1981 259 2016 aberet:
285 1982 398 2027 quin,
422 1986 464 2015 ut
488 1982 657 2015 Romanis
684 1986 721 2015 et
745 1983 816 2026 ipsi
841 1983 946 2016 utilia
971 1983 1138 2018 suadenti
1162 1989 1317 2028 pareret.
1364 1984 1410 2016 Et
1424 1982 1529 2015 Moe-

88 2028 137 2062 nia
161 2027 312 2074 quidem
344 2028 415 2072 ipsi
453 2028 590 2061 auxilio
616 2028 848 2062 venientibus
879 2029 1065 2063 adversum
1089 2042 1127 2063 se
1148 2030 1187 2063 in
1209 2030 1309 2063 bello
1336 2041 1401 2075 pro
1426 2027 1526 2061 arbi-

89 2075 162 2108 trio
190 2078 372 2115 uteretur,
402 2074 442 2109 in
466 2075 641 2120 palatium
664 2086 748 2108 vero
775 2086 895 2121 neque
922 2077 1030 2111 simul
1051 2077 1196 2122 plur-ee,
1230 2087 1350 2123 neque
1373 2079 1526 2109 armatos

89 2121 291 2166 κείρει-οῖς
325 2120 390 2154 aed
421 2121 621 2166 siquando
655 2121 956 2166 ingrederentur,
990 2134 1124 2168 paucos
1157 2128 1194 2156 et
1223 2134 1290 2167 per
1324 2122 1443 2162 vices,
1478 2133 1526 2154 ne

90 2167 226 2201 exclusi
255 2166 388 2212 probro
425 2167 520 2201 affici
546 2166 758 2208 videantur,
794 2179 874 2201 cum
898 2169 972 2202 sint
997 2170 1098 2210 socii,
1132 2173 1170 2202 et
1205 2170 1283 2203 sine
1325 2169 1432 2201 armis
1464 2167 1527 2200 in-

89 2213 190 2259 gredi
213 2213 367 2247 sineret:
403 2214 598 2259 praecipue
632 2219 751 2247 tamen
785 2215 929 2259 prandii
967 2214 1057 2249 hora
1089 2216 1264 2249 maiorem
1299 2215 1526 2260 diligentiam

88 2259 276 2294 custodiae
299 2258 502 2296 adhiberet.
560 2259 687 2306 Neque
718 2259 788 2294 hoc
823 2262 957 2295 solum:
992 2262 1056 2296 sed
1086 2263 1195 2296 etiam
1223 2263 1319 2296 intra
1349 2261 1524 2305 palatium

89 2306 275 2340 cohortem
300 2307 538 2340 Romanorum
561 2307 777 2348 collocaret,
819 2319 911 2354 quae
946 2314 1068 2352 posset
1102 2319 1140 2342 se
1172 2319 1315 2355 pugnae
1339 2318 1525 2353 opponere

90 2358 129 2387 et
151 2354 250 2387 omni
273 2352 414 2386 ratione
447 2354 566 2397 ipsum
599 2352 799 2399 urbemque
836 2354 1041 2389 defendere.
1099 2354 1145 2388 Se
1170 2367 1214 2389 ex
1237 2356 1316 2400 ipsa
1338 2366 1378 2389 re
1406 2354 1525 2395 suspi—

66 2400 231 2433 ‘cionem
266 2397 417 2441 ducere,
453 2399 587 2434 Moesis
618 2399 662 2432 ab
697 2411 778 2445 rege
813 2401 1022 2436 mandatum
1041 2426 1050 2443 ,
1081 2402 1277 2446 palatium,
1311 2402 1342 2435 si
1378 2405 1525 2447 queant,

52 2473 56 2478 .
90 2444 176 2478 dolo
213 2450 406 2490 occupent:
443 2450 551 2491 atque
575 2445 710 2479 idcirco
744 2447 860 2491 ipsum
897 2459 1043 2494 quoque
1075 2459 1157 2481 cum
1187 2453 1264 2481 toto
1296 2449 1456 2481 exercitu
1490 2452 1526 2479 et

67 2496 69 2499 '
91 2491 227 2525 auxilio
250 2490 418 2534 Scythico
442 2493 482 2525 in
500 2493 702 2526 confinibus
727 2493 863 2535 sedere,
885 2500 927 2528 ut
947 2495 978 2527 si
997 2495 1102 2528 lbani
1123 2497 1299 2540 imperata
1321 2495 1415 2528 bene
1439 2503 1525 2535 pro-

90 2537 240 2578 cedant,
274 2538 384 2582 paulo
408 2543 492 2584 post
525 2550 605 2572 cum
637 2539 800 2573 subsidio
832 2542 1096 2584 superveniant.
1145 2542 1252 2582 Avus,
1283 2540 1340 2573 his
1378 2538 1524 2578 auditis,

89 2583 373 2629 Pepagomenum
402 2585 527 2630 nepoti
563 2586 769 2618 renuntiare
803 2587 929 2627 iussit,
967 2588 1021 2620 uti
1045 2599 1126 2621 suas
1166 2599 1220 2621 rcs
1247 2592 1389 2620 curaret
1422 2590 1459 2617 ct
1478 2596 1523 2616 ne

90 2630 291 2664 ambitione
328 2631 479 2676 quadam
512 2637 654 2676 captus,
689 2632 770 2665 aliis
795 2633 973 2667 niteretur
995 2636 1164 2680 magister
1190 2635 1289 2667 fieri:
1325 2644 1400 2665 non
1426 2631 1524 2663 enim

91 2676 267 2715 minorem
294 2688 411 2712 rerum
441 2689 544 2712 usum
571 2678 641 2712 sibi
665 2690 760 2720 csse,
799 2691 905 2724 quam
929 2681 992 2715 ille
1021 2692 1058 2715 se
1089 2681 1258 2725 indeptum
1292 2679 1521 2715 existimaret.
