1832 3138
277 97 380 154 168
806 108 1181 154 CANTAGU'ZEM

73 221 161 258 A.C.
184 217 381 267 ι3ασλέως
407 212 766 270 περιπτύσσεσθαι
791 210 870 267 τήν
888 217 1037 269 χεῖρα,
1076 211 1151 256 τὸν
1177 210 1250 255 ἐπὶ
1274 213 1349 270 τῆς
1368 214 1552 269 κεφαλῆς
1573 212 1720 270 πρόπ-

271 295 347 336 ρον
371 275 663 334 περιελόμενον
689 272 825 319 πῖλον·
853 277 1127 332 ἆνακύψαντα
1157 278 1204 320 δὲ
1224 278 1406 331 ἐκεῖθεν,
1439 279 1500 328 εἷς
1515 276 1561 321 τὸ
1585 277 1720 334 πρόσ-

273 360 385 385 ωπον
412 338 542 383 αὖτὸν
573 340 648 383 τὸν
679 343 842 397 πατέρα
875 341 1125 398 ἀντιφιλεῖν.
1170 341 1263 384 τότε
1297 344 1343 385 δὲ
1377 342 1452 384 οὐκ
1481 342 1639 397 ἀγνοῶν
1667 341 1716 385 τὸ

270 407 368 457 ἔθος
399 404 420 448 ὅ
451 408 542 454 νέος
564 405 762 459 βασιλεὺς
786 408 940 462 κατέβη
968 408 1042 449 τοῦ
1061 408 1190 449 ἵππου
1204 441 1217 460 ,
1256 407 1347 449 ἀλλ’
1373 406 1433 457 ὦς
1459 402 1512 449 ἂν
1533 406 1719 460 μάλιστα

269 471 342 513 καὶ
368 473 480 513 πλέω
510 471 586 512 τοῦ
620 471 784 513 δικαίου
811 472 884 513 καί
913 471 1124 526 συνήθους
1150 472 1259 514 αἰδῶ
1289 471 1364 515 καὶ
1397 472 1637 516 εὐπείθειαν
1657 474 1745 530 1·ῷό

268 535 422 594 πάππῳ
455 532 612 594 ἀποδῷ.
650 533 853 590 ἑπομένου
890 538 936 579 δὲ
962 537 1095 578 αὐτοῦ
1122 538 1225 594 πεζῇ
1258 537 1333 579 καὶ
1364 536 1424 594 μὴ
1461 536 1716 591 ἐνδιδόντος,

270 600 552 657 ἀναγκασθεὶς
598 603 855 658 περιέμεινεν
894 600 916 644 ὅ
948 600 1160 656 βασιλεύς·
1209 604 1382 658 πλησίον
1416 604 1465 645 δὲ
1497 601 1716 659 γενόμενος

270 666 292 709 ὖ
326 668 437 721 νέος,
473 665 771 724 περιεπτύξατο
802 667 878 710 τὸν
906 667 1019 710 πόδα
1051 669 1130 710 τοῦ
1158 670 1365 722 βασιλέως
1390 669 1559 711 πάντων
1584 666 1720 723 δραίν-

268 749 365 775 των.
405 729 552 774 τούτου
587 733 634 773 δὲ
669 734 918 786 γενομένου,
958 734 1118 789 θρῆνος
1138 734 1208 789 ἐφ’
1227 730 1370 775 ἱκανὸν
1397 731 1566 787 ὁμαλῶς
1593 729 1718 790 ἤρετο

227 796 344 839 Daui
367 796 502 853 πάσης
522 799 597 853 τῆς
622 800 819 854 στρατιᾶς
828 832 841 852 ,
871 795 962 852 ἅμα
988 800 1063 840 καί
1084 797 1227 855 χαρά,
1273 794 1372 853 ὅπερ
1399 799 1472 841 ἐπὶ
1494 798 1773 861 ταῖςπαρίο

270 862 420 904 ἐλπίδα
440 863 656 917 μεγίσταις
687 860 908 917 εὖτυχίαις
931 863 1123 918 γίνεσθαι
1152 867 1296 920 φιλεῖ·
1325 859 1361 919 ἢ
1384 865 1458 907 καί
1480 863 1526 907 τὸ
1557 858 1722 920 ἄτυφον
1767 887 1769 889 ·

272 930 347 971 καί
378 930 547 984 μέτριον
578 930 653 973 τοῦ
683 931 777 972 νέου
809 930 1019 984 βασιλέως
1047 928 1236 986 δρῶντες,
1273 928 1580 984 ε’πεκάμπτοντο
1614 928 1723 986 ’πρὸς

271 993 467 1048 οἰμωγάς.
517 992 658 1036 ἔπειτα
690 994 877 1050 ἐφίππου
917 995 991 1037 καί
1023 997 1099 1038 τοῦ
1128 996 1226 1038 νέου
1257 997 1463 1050 βασιλέως
1496 996 1722 1050 γενομένου

270 1053 401 1113 ἦλθον
437 1052 541 1115 ἄχρι
577 1061 732 1101 πυλῶν.
775 1056 1055 1117 ἀναστρέφειν
1089 1062 1135 1102 δὲ
1168 1063 1228 1111 εἰς
1258 1060 1305 1103 τὸ
1337 1061 1620 1112 στρατόπεδον
1644 1060 1723 1102 τοῦ

270 1126 559 1181 πρεσβυτέρου
586 1126 794 1178 βασιλέως
823 1127 1111 1182 ἐπιτρέποντος
1138 1127 1198 1184 τῷ
1218 1128 1297 1184 νέῳ
1311 1160 1324 1180 ,
1354 1123 1429 1168 οὔκ
1451 1123 1579 1181 εἶξεν,
1604 1123 1776 1171 emam

271 1194 358 1238 τοῖς
398 1183 541 1239 ἄλλοις
576 1187 656 1241 ἔξω
696 1192 849 1244 τειχῶν
891 1193 1127 1244 περιμένειν
1161 1189 1352 1246 σημήνας
1387 1187 1439 1248 τῇ
1465 1188 1605 1250 χειρί,
1646 1191 1725 1233 αὖ..

221 1273 223 1281 ’
271 1252 345 1303 τὸς
373 1250 464 1307 ἅμα
500 1253 590 1297 τισί
626 1256 708 1298 τῶν
746 1255 1012 1312 εὐπατριδῶν
1038 1254 1158 1307 ἐντὸς
1191 1254 1407 1310 γενόμενος
1444 1258 1531 1299 τῶν
1558 1258 1726 1310 τειχῶν,

273 1317 346 1360 καὶ
381 1317 637 1369 συνοδεύσας
667 1322 726 1378 τῷ
759 1320 931 1378 πάππῳγ
950 1319 1024 1362 καί
1061 1324 1232 1374 βασιλεῖ
1267 1320 1397 1377 μέχρι
1439 1322 1589 1376 μέσηςΙ
1609 1317 1724 1375 ὁδοῦ,

272 1385 579 1436 συνταξάμενος
607 1387 848 1441 ’ἐπανῆλθεν
883 1387 942 1435 εἰς
970 1384 1016 1428 τὸ
1049 1384 1355 1441 στρατόπεδον.
1392 1386 1467 1436 εἷς·
1490 1384 1566 1442 τήν
1598 1385 1724 1428 ὕστε-

272 1448 398 1505 ραίαν
436 1450 483 1490 δὲ
515 1448 738 1504 εἰσελθών,
786 1453 934 1507 πρῶτα
967 1452 1046 1503 μὲν
1079 1452 1139 1502 εἷς
1171 1449 1218 1492 τὸ
1257 1453 1330 1506 τῆς
1365 1451 1629 1508 θεομήτορος]
1658 1451 1780 1493 τέ-αο

271 1528 393 1566 μενος
442 1515 518 1569 τῆς
549 1514 824 1571 Ὁδηγητριάς
871 1513 1032 1569 ἐλθών,
1079 1512 1349 1572 εὐχαριστίας
1384 1513 1586 1559 ἀπεδίδου
1624 1519 1726 1558 πολ-

272 1578 351 1628 λὰς
389 1581 448 1636 τῷ
487 1582 655 1638 χορηγῷ
693 1583 767 1636 τῆς
814 1579 981 1636 εἰρήνης
1027 1583 1117 1639 θεῷ
1154 1582 1228 1623 καί
1270 1583 1324 1638 τῇ
1363 1577 1494 1623 atros,
1529 1580 1728 1638 πανάγνῳ

139 1656 175 1690 Ρ.
191 1654 260 1690 105
271 1643 427 1700 μητρί.
473 1645 633 1687 ἐκεῖθεν
666 1647 712 1687 δὲ
748 1646 983 1700 ἐπανῆλθεν
1009 1647 1069 1694 εἷς
1094 1643 1147 1687 τά
1181 1647 1400 1700 βασίλεια,
1429 1646 1503 1688 καί
1530 1646 1727 1700 συνδιῆγε

276 1710 333 1766 τῷ
363 1709 517 1767 πάππῳ
553 1710 626 1752 καί
652 1713 839 1763 βασιλεῖ.
887 1712 933 1752 ἐκ
963 1712 1107 1764 μέντοι
1129 1712 1212 1752 τῶν
1253 1711 1374 1767 πέριξ
1399 1711 1553 1767 χωρῶν
1572 1726 1619 1752 τε
1654 1712 1728 1752 καί

274 1772 431 1816 πόλεων
467 1776 541 1816 καί
577 1774 710 1817 αὐτοῦ
739 1773 976 1826 Βυζαντίου
1004 1776 1064 1825 εἰς
1091 1774 1142 1820 τὰ
1169 1778 1366 1830 βασίλεια
1402 1775 1583 1833 ἐφοίτων
1618 1774 1780 1818 παν-25

276 1907 393 1940 eoque
420 1895 615 1938 inclinato,
650 1898 805 1931 senioris
844 1896 1028 1931 dexteram
1063 1910 1145 1932 cum
1176 1900 1300 1933 osculo
1327 1900 1524 1944 arriperet,
1554 1900 1723 1945 indeque
1763 1918 1771 1924 ·

277 1943 535 1986 suspicientem
564 1949 666 1987 pater
693 1944 853 1977 vicissim
895 1945 1129 1978 oscularetur.
1186 1946 1279 1978 Tum
1313 1947 1437 1991 itaque
1463 1957 1539 1980 non
1574 1947 1724 1980 inscitia

275 1990 385 2022 moris
418 1987 547 2030 huius,
581 1990 644 2023 sed
681 1995 722 2022 ut
748 2001 811 2024 avo
841 1992 1038 2023 maximum
1071 1997 1108 2024 et
1128 1991 1210 2036 plus
1233 2003 1339 2037 quam
1368 1992 1535 2026 debitum
1566 2003 1722 2026 consue-

276 2040 427 2080 tumque
459 2035 675 2080 obsequium
700 2048 741 2070 ac
769 2037 1008 2071 reverentiam
1047 2037 1250 2078 tribueret,
1290 2048 1402 2081 nepos
1447 2039 1642 2082 imperator
1675 2039 1722 2072 ah

279 2092 373 2126 equo
393 2081 591 2115 descendit.
642 2082 804 2128 Cumque
824 2083 981 2127 pedibus
1004 2083 1214 2122 obfirmatus
1237 2090 1471 2129 sequeretur,
1498 2086 1618 2119 senior
1641 2097 1725 2118 coa-

279 2132 356 2159 ctus
384 2127 566 2168 substitit,
603 2134 640 2161 et
670 2140 783 2173 prope
822 2128 995 2162 accedens
1028 2131 1170 2170 iunior,
1206 2130 1335 2174 pedem
1361 2131 1462 2164 illius
1494 2132 1535 2165 in
1562 2133 1726 2164 omnium

276 2178 468 2216 conspectu
494 2175 700 2218 complexus
723 2176 847 2208 osculo
863 2176 1051 2220 contingit.
1081 2177 1163 2220 Quo
1189 2177 1286 2210 facto
1305 2176 1489 2221 gaudium,
1512 2182 1551 2211 et
1570 2188 1614 2211 ex
1638 2189 1726 2223 gau-

275 2219 336 2252 dio
364 2220 558 2262 lacrymae,
584 2226 625 2253 ut
650 2221 689 2254 in
715 2233 852 2255 summa
874 2227 912 2254 et
936 2222 1184 2265 inexspectata
1205 2222 1396 2264 felicitate,
1432 2224 1635 2269 aequaliter
1659 2235 1726 2268 per

276 2266 471 2298 exercitum
502 2267 710 2310 ciebantur;
748 2273 811 2301 aut
836 2269 944 2300 etiam
974 2273 1047 2301 tam
1076 2268 1121 2301 ab
1154 2269 1253 2302 omni
1282 2269 1375 2302 fastu
1406 2270 1566 2303 alienum
1597 2270 1722 2303 mode-

275 2317 441 2356 stumque
477 2313 645 2346 iuvenem
683 2315 937 2358 imperatorem
969 2315 1210 2359 aspicientes,
1245 2315 1290 2348 ad
1323 2315 1421 2348 hunc
1448 2316 1573 2349 fletum
1601 2326 1726 2350 move-

274 2358 418 2393 bantur.
468 2359 582 2403 Igitur
610 2371 703 2405 equo
736 2360 856 2394 denuo
881 2371 1096 2402 conscenso,
1123 2360 1170 2393 ad
1195 2361 1295 2394 urbis
1321 2367 1445 2406 portas
1470 2367 1725 2406 pervenerunt.

275 2404 332 2436 Ibi
352 2406 584 2448 permittente
619 2407 781 2447 seniore,
808 2408 864 2439 uti
900 2406 945 2439 ad
971 2413 1083 2440 castra
1108 2406 1269 2448 rediret,
1295 2408 1419 2441 iunior
1454 2408 1649 2448 recusavit,
1687 2413 1724 2440 et

275 2451 515 2496 sequentibus
538 2451 612 2483 suis
639 2463 749 2485 manu
771 2454 938 2492 innuens,
966 2458 1007 2485 ut
1032 2459 1133 2486 extra
1158 2464 1280 2487 muros
1302 2459 1514 2494 manerent,
1540 2454 1618 2498 ipse
1644 2465 1726 2486 cum

275 2497 418 2541 aliquot
452 2497 639 2530 nobilibus
674 2499 856 2532 civitatem
881 2499 1083 2542 ingressus,
1121 2505 1158 2533 et
1186 2511 1302 2545 usque
1330 2499 1375 2532 ad
1401 2499 1561 2532 medium
1579 2501 1660 2534 viae
1687 2501 1726 2532 in

274 2543 451 2586 palatium
471 2555 575 2576 avum
603 2546 792 2578 comitatus
808 2570 817 2585 ‚
845 2545 1036 2578 valedixit:
1066 2545 1204 2578 ,deinde
1228 2545 1273 2578 ad
1297 2547 1497 2578 exercitum
1517 2557 1556 2579 se
1577 2546 1726 2590 recepit.

274 2589 397 2623 Altero
425 2589 485 2623 die
504 2591 659 2634 primum
676 2592 855 2636 ingressus
873 2592 1052 2636 Deiparae
1078 2591 1324 2636 Hodegetriae
1345 2592 1540 2636 templum,
1574 2593 1725 2636 amplis·-

276 2635 380 2668 simas
411 2636 487 2669 Deo
505 2637 604 2680 pacis
637 2639 776 2670 auctori
801 2643 838 2670 et
863 2638 1083 2671 castissimae
1109 2639 1188 2670 eius
1213 2638 1321 2671 matri
1344 2639 1476 2682 gratias
1501 2638 1583 2683 egit.
1632 2638 1726 2671 Hine

275 2681 449 2728 palatium
467 2687 593 2729 petens
605 2708 615 2724 ‚
639 2694 721 2724 cum
739 2695 804 2719 avo
823 2683 1046 2720 versabatur.
1095 2684 1149 2719 Ex
1166 2683 1257 2718 locis
1284 2689 1406 2719 autem
1435 2690 1472 2718 et
1490 2683 1634 2731 oppidis
1655 2684 1726 2718 cit-
