1832 3138
301 144 320 179 1
334 124 404 180 58
748 168 751 171 .
839 138 1212 183 CANTACUZEM

106 251 147 286 A.
162 242 502 298 C.1322‹52·9a·nc“ig
522 238 801 294 ἀκούσαντες,
835 236 902 282 ὅτι
923 242 1003 295 μὲν
1029 240 1348 293 κατασκευάζων
1364 241 1535 285 τοιαῦτα
1558 239 1583 284 δ
1605 230 1738 299 μέγας
1761 293 1762 296 ¹

266 307 543 360 Οδομέστικος
572 307 820 362 ἐδημηγόρει
827 341 840 361 ,
868 302 1043 364 ᾔσθοντο
1062 303 1153 347 οὔδ’
1173 307 1246 348 ἐπὶ
1272 306 1444 362 μικρόν.
1498 304 1738 360 νομίσαντες

295 374 342 414 δὲ
368 372 442 413 οὔκ
467 366 645 412 ἄλλοθέν
672 375 802 414 ποθεν
827 369 956 414 αὕτὸν
982 371 1240 413 αἰνίττεσθαι
1264 373 1441 425 βεβαίαν
1463 369 1638 415 ἔσεσθαι
1662 369 1738 426 τήν

294 435 480 491 εἰρήνην,
508 432 536 491 ἢ
561 434 642 478 οἷπὸ
673 438 751 478 τοῦ
777 438 954 490 βασιλέα
976 435 1047 478 τὸν
1075 435 1166 477 νέον
1189 431 1242 491 ἦν
1268 451 1313 477 τε
1345 443 1509 491 κατεῖχε
1537 433 1738 492 πρότερον

294 507 447 556 μοῖραν
469 504 540 556 τῆς
573 498 708 558 ἀρχῆς
743 501 816 543 καὶ
843 496 903 543 ὧν
935 499 1213 557 προσείληφεν
1242 502 1287 543 ἐν
1313 501 1368 559 τῷ
1399 502 1475 544 νῦν
1499 501 1664 559 πολέμῳ
1685 498 1764 543 τάὅ

295 565 423 608 πλείω
455 568 713 621 κατασχόντα
745 569 788 616 ἐς
813 566 866 608 τοὶ
893 567 1078 620 μάλιστα
1107 566 1304 620 γενέσθαι
1331 564 1509 609 δυνατόν
1524 599 1538 619 ,
1581 563 1656 608 τὸν
1693 566 1740 607 δὲ

296 630 577 687 πρεσβύτερον
598 630 851 687 ἦσθενηκότα
877 631 947 674 διὰ
975 630 1021 673 τὸ
1050 634 1122 686 τῆς
1157 627 1290 687 ἀρχῆς
1325 628 1576 690 ἀφῃρῆσθαι
1605 627 1740 690 πολλοὶ

297 695 575 753 ἀτολμότερον
597 696 698 754 πρὸς
720 697 767 739 τὸ
796 699 1053 753 νεωτερίζειν
1078 692 1129 738 ἂν
1158 698 1380 750 γενέσθαι,
1409 696 1481 739 καί
1503 697 1646 739 δίκαια
1670 696 1744 738 καί

297 763 568 818 συμφέροντα
598 762 748 811 πάντες
770 759 884 805 εἶπον
906 760 979 804 τὸν
997 763 1129 816 μέγαν
1149 762 1390 815 δομέστικον
1410 760 1620 818 εἰρηκέναι
1628 795 1654 816 ,⁷
1670 759 1764 803 καί
1804 757 1807 762 ’

297 826 496 882 τοιαύτην
531 829 617 870 δεῖν
639 827 905 884 ἐθορύβησαν
941 826 1019 882 τήν
1047 826 1211 883 εἰρήνην
1242 824 1370 870 εἶναι.
1414 825 1438 869 ὅ
1465 825 1662 881 βασιλεύς
1695 828 1798 870 delo

298 887 380 948 ἤδη
411 897 495 941 τοῖς
523 892 686 941 οἰκείοις
726 891 861 947 λόγοις
897 890 1515 947 πάνταςκπροκατειλημμένους
1545 893 1744 947 συνορῶν,

258 954 457 1011 1),,κοῖμοι“
473 955 524 999 τοὶ
546 955 644 999 ἴσα”
664 954 752 1000 εἶπε
770 959 1001 1010 ,,συνδοκεῑ’·
1032 955 1088 1009 τό,
1113 973 1157 999 τε
1175 955 1253 1013 γὰρ
1283 955 1388 1013 πρὸς
1410 953 1613 1012 ἆλλήλους
1633 955 1746 1011 ἡμᾶς

296 1027 504 1075 πολεμεῖν,
526 1023 599 1064 καί
613 1019 757 1071 αὐτοῖς
782 1020 882 1078 ἡμῖν
906 1021 977 1063 καί
997 1029 1083 1071 τοῖς
1100 1020 1298 1078 ὖπηκόοις
1321 1019 1583 1072 ἀλυσιτελές·
1609 1019 1682 1063 καί
1699 1017 1747 1062 τὸ

296 1087 560 1143 παράδειγμα
575 1089 722 1130 οἰκεῖον
748 1087 944 1141 μάλιστα,
964 1082 998 1146 ᾧ
1013 1087 1281 1144 προσείκασεν
1310 1087 1333 1129 ὅ
1348 1088 1480 1142 μέγας
1504 1088 1747 1142 δομέστικος
1787 1145 1790 1148 ⁴

295 1151 367 1194 τὸν
390 1151 495 1208 πρὸς
520 1151 722 1208 ἀλλήλους
740 1151 920 1206 πόλεμον
939 1150 1069 1207 ἡμῶν.
1099 1150 1252 1208 ἀνάγκη
1270 1151 1349 1209 γὰρ
1368 1152 1482 1207 ὑμᾶς
1498 1167 1544 1194 τε
1557 1149 1660 1202 τούς
1678 1151 1748 1195 ὕπ’
1754 1152 1802 1195 15

297 1218 551 1273 ἀμφοτέροις
572 1219 928 1273 στρατευομένους
949 1219 993 1260 ἐν
1017 1223 1107 1267 ταῖς
1138 1216 1297 1271 μάχαις
1329 1215 1400 1259 ὑπ’
1429 1217 1618 1273 ἀλλήλων
1643 1217 1750 1259 (ἶπο-

296 1282 518 1338 θνήσκειν,
547 1282 620 1324 καί
639 1282 715 1332 τὰς
738 1283 914 1339 κτήσεις,
938 1284 981 1334 ἐξ
1005 1278 1063 1325 ὧν
1087 1285 1137 1325 αἶ’
1158 1299 1201 1326 τε
1224 1285 1432 1325 ἰδιωτικαί
1457 1283 1531 1325 καί
1551 1281 1599 1325 αἶ
1619 1282 1750 1339 δημό-

298 1364 385 1391 σιοι
412 1346 741 1403 διαφθείρεσθαι
765 1347 986 1404 πρόσοδοι.
1031 1351 1103 1390 καί
1119 1347 1166 1390 τὸ
1187 1347 1245 1403 μή
1271 1347 1446 1402 βεβαίαν
1468 1343 1621 1401 αὖθις,
1658 1348 1750 1390 ἀλλ’

297 1412 375 1469 ὑφ’
402 1412 582 1454 ὁτουοῦν
610 1412 949 1468 διαλυθήσεσθαι
985 1412 1328 1468 προσδοκωμένην
1363 1410 1661 1468 γενέσθαντὴν
1689 1413 1749 1456 εἶ·-

300 1478 440 1534 ρήνην,
467 1477 651 1531 μάλιστα
677 1478 923 1534 ἀσύμφορον
943 1478 1060 1534 ἡμῖν.
1090 1476 1153 1520 διὸ
1176 1480 1244 1519 δεῖ
1261 1480 1550 1532 σκεψαμένους
1574 1477 1800 1531 αὖτοὺς,αο

203 1551 294 1593 P.99
304 1545 444 1585 πᾶσαν
464 1541 662 1598 πρότερον
685 1544 866 1596 πολέμου
890 1542 1107 1600 πρόφασιν
1128 1547 1346 1600 περιελεῖν·
1370 1545 1552 1598 πολέμου
1571 1545 1618 1586 δὲ
1641 1543 1748 1600 πρό-

300 1624 429 1665 φασις
465 1610 593 1650 πᾶσιν
640 1604 878 1663 ἀνθρώποις
933 1604 962 1664 ἢ
1001 1609 1187 1662 οἰόμενον
1223 1610 1463 1651 ἀδικεῖσθαι
1509 1605 1749 1663 ἀμύνεσθαι

299 1675 472 1726 ἐθέλειν,
499 1668 527 1727 ἢ
547 1674 731 1726 πολέμου
755 1669 902 1730 ἄρχειν
926 1672 1175 1729 αἱρούμενον
1198 1674 1368 1716 ἀδικεῖν·
1398 1672 1474 1717 ἐὰν
1491 1675 1539 1717 δέ
1557 1689 1622 1724 τις
1643 1670 1748 1729 ἆγα-

1639 1739 1647 1753 .

302 1795 340 1820 se
365 1783 619 1830 obstringant?
643 1782 741 1818 Haec
764 1782 830 1818 ubi
854 1784 1036 1830 principes
1062 1796 1103 1818 ac
1128 1784 1263 1818 milites
1289 1784 1437 1819 auribus
1452 1783 1662 1828 hauserunt,
1686 1789 1744 1820 ta·-

301 1833 352 1866 lia
376 1843 457 1866 eum
482 1831 603 1865 moliri
634 1842 780 1876 prorsus
806 1843 880 1864 non
907 1838 1106 1865 senserunt.
1170 1831 1333 1877 Cumque
1370 1831 1626 1876 opinarentur,
1662 1842 1745 1866 ver-

272 1914 275 1923 s
301 1879 432 1912 borum
458 1876 615 1923 quodam
638 1878 825 1910 involucro
852 1877 1014 1912 indicare
1043 1877 1225 1918 voluisse,
1254 1878 1363 1922 plane
1395 1887 1470 1911 non
1493 1878 1600 1911 aliter
1622 1888 1746 1922 pacem

301 1930 516 1970 perpetuam
542 1929 704 1956 constare
732 1934 862 1968 posse,
889 1936 997 1969 quam
1023 1925 1053 1957 si
1078 1924 1219 1964 iunior,
1251 1928 1392 1956 retenta
1422 1933 1528 1969 quam
1554 1923 1747 1958 obtinebat

302 1975 405 2017 parte
430 1970 588 2014 imperii,
617 1969 701 2009 illis,
728 1980 820 2014 quae
846 1969 914 2002 hoc
939 1970 1037 2003 bello
1065 1969 1292 2015 acquisierat,
1317 1968 1512 2009 adiunctis,
1541 1970 1745 2014 possessio-

303 2028 389 2050 nem
414 2016 650 2061 amplificaret
674 2021 781 2060 atque
816 2016 867 2048 ita
893 2017 1061 2060 potentia
1095 2026 1229 2048 summa
1254 2015 1432 2060 polleret,
1457 2014 1578 2049 senior
1609 2014 1746 2057 contra,

305 2063 459 2107 imperio
485 2073 548 2094 suo
571 2073 786 2106 magnopere
815 2060 1010 2103 diminuto,
1037 2066 1245 2102 enervatus,
1278 2072 1334 2095 res
1357 2071 1467 2094 novas
1491 2062 1609 2096 minus
1635 2061 1748 2096 aude-

306 2115 385 2150 ret3
411 2119 490 2141 cum
516 2096 592 2149 ita,
625 2108 799 2153 inquam,
825 2108 1042 2152 cogitarent,
1069 2108 1200 2141 iustam
1224 2112 1261 2141 et
1283 2107 1411 2141 utilem
1437 2107 1626 2142 domestici
1661 2119 1747 2142 ora-

304 2156 445 2188 tionem
469 2154 580 2187 fuisse
607 2165 730 2187 omnes
758 2158 990 2186 autumarunt
1015 2161 1052 2188 et
1077 2152 1283 2187 istiusmodi
1307 2164 1430 2199 pacem
1441 2154 1643 2188 ‘ineundam
1665 2165 1747 2188 suc-

305 2201 516 2235 clamarunt.
574 2201 771 2244 Imperator
794 2199 963 2232 familiari
991 2201 1156 2234 oratione
1181 2201 1253 2233 iam
1277 2205 1556 2245 praeoccupatos
1584 2202 1746 2234 omnium

305 2247 443 2280 animos
471 2246 697 2291 intelligens,
723 2246 767 2278 Et
792 2245 884 2278 mihi
903 2245 1025 2280 eadem
1044 2247 1226 2280 sententia
1246 2251 1311 2287 est,
1335 2245 1478 2292 inquit,
1504 2258 1597 2293 quae
1616 2258 1744 2292 magno

305 2293 511 2326 domestico.
570 2291 663 2325 Nam
699 2292 912 2336 belligerare
948 2303 1005 2326 me
1038 2304 1118 2326 cum
1146 2303 1231 2334 avo,
1265 2292 1353 2338 ipsis
1385 2291 1492 2326 nobis
1525 2293 1746 2339 populisque

304 2340 436 2373 nostris
461 2337 724 2381 incommodat3
752 2343 788 2370 et
814 2338 995 2381 parabola,
1047 2351 1092 2372 ua
1116 2339 1179 2371 ille
1203 2338 1341 2372 bellum
1364 2344 1527 2372 nostrum
1552 2339 1746 2383 expressit,

307 2396 383 2419 rem
409 2385 561 2418 maxime
588 2390 671 2418 ante
696 2384 818 2417 oculos
842 2386 958 2428 ponit.
1009 2351 1161 2418 §ecesse
1187 2390 1242 2418 est
1264 2384 1444 2431 siquidem
1469 2388 1506 2417 et
1540 2395 1624 2426 vos,
1653 2386 1747 2418 alte—

306 2432 399 2465 rutri
420 2431 616 2464 militantes
633 2455 642 2470 ‚
668 2430 707 2462 in
732 2441 850 2474 pugna
875 2431 1048 2472 interfici,
1086 2437 1122 2465 et
1145 2442 1244 2475 agros
1277 2442 1318 2464 ac
1340 2429 1509 2475 praedia,
1544 2430 1640 2464 unde
1675 2441 1747 2476 pu-

306 2477 402 2511 blica
429 2478 640 2522 privataque
662 2476 865 2520 vectigalia,
891 2476 1076 2510 devastari.
1106 2478 1228 2511 Pacem
1265 2486 1387 2510 rursus
1420 2487 1487 2509 uec
1523 2482 1747 2511 constantem

307 2529 346 2557 et
369 2524 526 2557 validam
541 2548 550 2563 ‚
579 2522 641 2555 sed
667 2523 834 2568 qualibet
856 2524 1044 2556 occasione
1069 2522 1302 2568 frangendam
1325 2523 1438 2563 inire,
1468 2522 1574 2556 nobis
1599 2534 1745 2569 prorsus

307 2570 450 2603 inutile.
500 2569 635 2602 Idcirco
660 2580 735 2601 rem
763 2580 828 2601 nos
854 2568 1033 2602 discutere
1066 2581 1107 2603 ac
1129 2571 1229 2614 prius
1262 2580 1406 2603 omnem
1437 2567 1527 2601 belli
1559 2570 1748 2602 materiam

307 2621 491 2660 amputare
526 2615 579 2648 fas
620 2620 683 2648 est.
740 2615 928 2647 Materiam
963 2627 1070 2660 porro
1118 2621 1155 2649 et
1187 2626 1309 2649 causas
1347 2615 1438 2648 belli
1471 2613 1578 2648 hasce
1623 2620 1750 2648 omnes¹

306 2663 475 2696 mortales
499 2661 660 2702 habent,
683 2661 742 2695 vel
770 2672 847 2694 cum
876 2671 912 2694 se
942 2661 1057 2694 laesos
1083 2667 1231 2706 putant,
1264 2667 1306 2696 ut
1337 2661 1487 2694 iniurias
1513 2661 1744 2702 ulciscantur,

309 2708 390 2751 vel,
410 2713 454 2743 ut
478 2707 609 2755 quibus
633 2707 784 2742 iniurias
821 2707 955 2741 inferre
983 2708 1272 2751 constituerunt,
1310 2706 1455 2741 eosdem
1479 2708 1585 2741 armis
1608 2707 1746 2754 priores
