<?xml version="1.0" encoding="UTF-8"?>
<!DOCTYPE html PUBLIC "-//W3C//DTD XHTML 1.0 Transitional//EN"
    "http://www.w3.org/TR/xhtml1/DTD/xhtml1-transitional.dtd">
<html xmlns="http://www.w3.org/1999/xhtml" xml:lang="en" lang="en">
 <head>
  <title>
</title>
<meta http-equiv="Content-Type" content="text/html;charset=utf-8" />
  <meta name='ocr-system' content='tesseract 3.04.00' />
  <meta name='ocr-capabilities' content='ocr_page ocr_carea ocr_par ocr_line ocrx_word'/>
</head>
<body>
  <div class='ocr_page' id='page_1' title='image "./corpusscriptorum23niebuoft_0220.png"; bbox 0 0 1832 3138; ppageno 0'>
   <div class='ocr_carea' id='block_1_1' title="bbox 262 91 1185 193">
    <p class='ocr_par' dir='ltr' id='par_1_1' title="bbox 262 91 1185 193">
     <span class='ocr_line' id='line_1_1' title="bbox 262 91 1185 193; baseline -0.005 -21"><span class='ocrx_word' id='word_1_1' title='bbox 262 91 265 95; x_wconf 33' lang='grc'><strong>’</strong></span> <span class='ocrx_word' id='word_1_2' title='bbox 291 137 310 172; x_wconf 86' lang='grc' dir='ltr'><strong>ι</strong></span> <span class='ocrx_word' id='word_1_3' title='bbox 327 118 396 193; x_wconf 83' lang='grc'><strong><em>78</em></strong></span> <span class='ocrx_word' id='word_1_4' title='bbox 813 125 1185 170; x_wconf 72' lang='grc' dir='ltr'><strong><em>οΑΝΤΑουΖΕΝι</em></strong></span> 
     </span>
    </p>
   </div>
   <div class='ocr_carea' id='block_1_2' title="bbox 88 220 1777 1853">
    <p class='ocr_par' dir='ltr' id='par_1_2' title="bbox 88 220 1777 1853">
     <span class='ocr_line' id='line_1_2' title="bbox 88 220 1725 291; baseline -0.007 -13"><span class='ocrx_word' id='word_1_5' title='bbox 88 244 173 279; x_wconf 77' lang='lat' dir='ltr'><strong>A.C.</strong></span> <span class='ocrx_word' id='word_1_6' title='bbox 192 235 344 291; x_wconf 66' lang='grc' dir='ltr'><strong><em>ιδυμὴ</em></strong></span> <span class='ocrx_word' id='word_1_7' title='bbox 363 231 467 290; x_wconf 78' lang='grc' dir='ltr'><strong><em>πρὸς</em></strong></span> <span class='ocrx_word' id='word_1_8' title='bbox 489 227 670 285; x_wconf 74' lang='grc' dir='ltr'><strong><em>Μιχαὴλ</em></strong></span> <span class='ocrx_word' id='word_1_9' title='bbox 694 228 767 271; x_wconf 83' lang='grc' dir='ltr'><strong><em>τὸν</em></strong></span> <span class='ocrx_word' id='word_1_10' title='bbox 792 229 960 271; x_wconf 78' lang='grc' dir='ltr'><strong><em>Μυσῶν</em></strong></span> <span class='ocrx_word' id='word_1_11' title='bbox 981 227 1158 282; x_wconf 81' lang='grc' dir='ltr'><strong><em>βασιλέα</em></strong></span> <span class='ocrx_word' id='word_1_12' title='bbox 1181 222 1514 282; x_wconf 70' lang='grc' dir='ltr'><strong><em>διαγωνίσασθαι</em></strong></span> <span class='ocrx_word' id='word_1_13' title='bbox 1532 221 1607 266; x_wconf 76' lang='grc' dir='ltr'><strong><em>καὶ</em></strong></span> <span class='ocrx_word' id='word_1_14' title='bbox 1623 220 1725 274; x_wconf 68' lang='grc' dir='ltr'><strong><em>τούς</em></strong></span> 
     </span>
     <span class='ocr_line' id='line_1_3' title="bbox 247 286 1726 352; baseline -0.007 -14"><span class='ocrx_word' id='word_1_15' title='bbox 247 297 540 352; x_wconf 78' lang='grc' dir='ltr'><strong><em>Οσυμμάχους.</em></strong></span> <span class='ocrx_word' id='word_1_16' title='bbox 566 292 694 343; x_wconf 72' lang='grc' dir='ltr'><strong><em>αὐτὸς</em></strong></span> <span class='ocrx_word' id='word_1_17' title='bbox 718 295 766 336; x_wconf 83' lang='grc' dir='ltr'><strong><em>δὲ</em></strong></span> <span class='ocrx_word' id='word_1_18' title='bbox 788 293 973 348; x_wconf 77' lang='grc' dir='ltr'><strong><em>Μιχαὴλ</em></strong></span> <span class='ocrx_word' id='word_1_19' title='bbox 999 291 1074 342; x_wconf 82' lang='grc' dir='ltr'><strong><em>τοὶς</em></strong></span> <span class='ocrx_word' id='word_1_20' title='bbox 1100 295 1180 346; x_wconf 81' lang='grc' dir='ltr'><strong><em>μὲν</em></strong></span> <span class='ocrx_word' id='word_1_21' title='bbox 1206 292 1558 348; x_wconf 76' lang='grc' dir='ltr'><strong><em>πολιορκουμένας</em></strong></span> <span class='ocrx_word' id='word_1_22' title='bbox 1586 286 1726 345; x_wconf 79' lang='grc' dir='ltr'><strong><em>πόλεις</em></strong></span> 
     </span>
     <span class='ocr_line' id='line_1_4' title="bbox 277 350 1726 419; baseline -0.007 -14"><span class='ocrx_word' id='word_1_23' title='bbox 277 360 560 419; x_wconf 81' lang='grc' dir='ltr'><strong><em>παρεστήσατο</em></strong></span> <span class='ocrx_word' id='word_1_24' title='bbox 588 357 787 417; x_wconf 71' lang='grc' dir='ltr'><strong><em>ὄμολογίᾳ</em></strong></span> <span class='ocrx_word' id='word_1_25' title='bbox 814 356 891 413; x_wconf 81' lang='grc' dir='ltr'><strong><em>τὴν</em></strong></span> <span class='ocrx_word' id='word_1_26' title='bbox 920 359 966 400; x_wconf 77' lang='grc' dir='ltr'><strong><em>ἐκ</em></strong></span> <span class='ocrx_word' id='word_1_27' title='bbox 1001 358 1208 412; x_wconf 84' lang='grc' dir='ltr'><strong><em>βασιλέως</em></strong></span> <span class='ocrx_word' id='word_1_28' title='bbox 1240 354 1458 409; x_wconf 87' lang='grc' dir='ltr'><strong><em>Ῥωμαίων</em></strong></span> <span class='ocrx_word' id='word_1_29' title='bbox 1495 350 1726 410; x_wconf 77' lang='grc' dir='ltr'><strong><em>ἀπηγορευ-</em></strong></span> 
     </span>
     <span class='ocr_line' id='line_1_5' title="bbox 270 418 1726 481; baseline -0.006 -12"><span class='ocrx_word' id='word_1_30' title='bbox 270 427 389 476; x_wconf 89' lang='grc' dir='ltr'><strong><em>κυίας</em></strong></span> <span class='ocrx_word' id='word_1_31' title='bbox 424 427 678 481; x_wconf 77' lang='grc' dir='ltr'><strong><em>ἐπικουρίαν·</em></strong></span> <span class='ocrx_word' id='word_1_32' title='bbox 727 422 832 479; x_wconf 82' lang='grc' dir='ltr'><strong><em>πρὸς</em></strong></span> <span class='ocrx_word' id='word_1_33' title='bbox 869 424 916 465; x_wconf 79' lang='grc' dir='ltr'><strong><em>δὲ</em></strong></span> <span class='ocrx_word' id='word_1_34' title='bbox 959 420 1037 478; x_wconf 79' lang='grc' dir='ltr'><strong><em>τήν</em></strong></span> <span class='ocrx_word' id='word_1_35' title='bbox 1071 419 1404 464; x_wconf 81' lang='grc' dir='ltr'><strong><em>Φιλιππούπολιν</em></strong></span> <span class='ocrx_word' id='word_1_36' title='bbox 1435 418 1636 477; x_wconf 78' lang='grc' dir='ltr'><strong><em>στρατιάν</em></strong></span> <span class='ocrx_word' id='word_1_37' title='bbox 1679 432 1726 461; x_wconf 78' lang='grc' dir='ltr'><strong><em>τε</em></strong></span> 
     </span>
     <span class='ocr_line' id='line_1_6' title="bbox 167 483 1753 545; baseline -0.005 -11"><span class='ocrx_word' id='word_1_38' title='bbox 167 492 205 527; x_wconf 87' lang='lat' dir='ltr'><strong><em>V·</em></strong></span> <span class='ocrx_word' id='word_1_39' title='bbox 220 492 264 536; x_wconf 87' lang='lat'><strong><em>89</em></strong></span> <span class='ocrx_word' id='word_1_40' title='bbox 278 489 547 545; x_wconf 72' lang='grc' dir='ltr'><strong><em>ἀκμάζουσαν</em></strong></span> <span class='ocrx_word' id='word_1_41' title='bbox 569 486 718 545; x_wconf 79' lang='grc' dir='ltr'><strong><em>ἑτέραν</em></strong></span> <span class='ocrx_word' id='word_1_42' title='bbox 740 484 848 531; x_wconf 71' lang='grc' dir='ltr'><strong><em>ὥστε</em></strong></span> <span class='ocrx_word' id='word_1_43' title='bbox 874 492 1077 545; x_wconf 81' lang='grc' dir='ltr'><strong><em>φρουρεῖν</em></strong></span> <span class='ocrx_word' id='word_1_44' title='bbox 1112 484 1247 541; x_wconf 72' lang='grc' dir='ltr'><strong><em>αὐτὴν</em></strong></span> <span class='ocrx_word' id='word_1_45' title='bbox 1267 486 1477 529; x_wconf 78' lang='grc' dir='ltr'><strong><em>ἀπέστειλε</em></strong></span> <span class='ocrx_word' id='word_1_46' title='bbox 1497 483 1571 527; x_wconf 75' lang='grc' dir='ltr'><strong><em>καὶ</em></strong></span> <span class='ocrx_word' id='word_1_47' title='bbox 1599 483 1753 540; x_wconf 52' lang='grc' dir='ltr'><strong><em>στρατό</em></strong></span> 
     </span>
     <span class='ocr_line' id='line_1_7' title="bbox 266 545 1726 612; baseline -0.006 -12"><span class='ocrx_word' id='word_1_48' title='bbox 266 555 406 612; x_wconf 81' lang='grc' dir='ltr'><strong><em>τηγόν·</em></strong></span> <span class='ocrx_word' id='word_1_49' title='bbox 422 553 496 597; x_wconf 85' lang='grc' dir='ltr'><strong><em>τὸν</em></strong></span> <span class='ocrx_word' id='word_1_50' title='bbox 511 555 558 596; x_wconf 80' lang='grc' dir='ltr'><strong><em>δὲ</em></strong></span> <span class='ocrx_word' id='word_1_51' title='bbox 580 551 753 609; x_wconf 81' lang='grc' dir='ltr'><strong><em>Ἰβάνην</em></strong></span> <span class='ocrx_word' id='word_1_52' title='bbox 776 554 849 596; x_wconf 84' lang='grc' dir='ltr'><em>καί</em></span> <span class='ocrx_word' id='word_1_53' title='bbox 869 551 966 603; x_wconf 81' lang='grc' dir='ltr'><strong><em>τούς</em></strong></span> <span class='ocrx_word' id='word_1_54' title='bbox 982 551 1334 608; x_wconf 83' lang='grc' dir='ltr'><strong><em>πολιορκηθέντας</em></strong></span> <span class='ocrx_word' id='word_1_55' title='bbox 1356 549 1611 607; x_wconf 74' lang='grc' dir='ltr'><strong><em>στρατιώτας</em></strong></span> <span class='ocrx_word' id='word_1_56' title='bbox 1635 545 1726 603; x_wconf 77' lang='grc' dir='ltr'><strong><em>ἅμα</em></strong></span> 
     </span>
     <span class='ocr_line' id='line_1_8' title="bbox 266 611 1726 677; baseline -0.006 -12"><span class='ocrx_word' id='word_1_57' title='bbox 266 628 353 671; x_wconf 82' lang='grc' dir='ltr'><strong><em>τοῖς</em></strong></span> <span class='ocrx_word' id='word_1_58' title='bbox 369 622 589 677; x_wconf 85' lang='grc' dir='ltr'><strong><em>σφετέροις</em></strong></span> <span class='ocrx_word' id='word_1_59' title='bbox 611 625 857 675; x_wconf 79' lang='grc' dir='ltr'><strong><em>στρατηγοῖς</em></strong></span> <span class='ocrx_word' id='word_1_60' title='bbox 875 621 1139 672; x_wconf 86' lang='grc' dir='ltr'><strong><em>μετεκαλεῖτο</em></strong></span> <span class='ocrx_word' id='word_1_61' title='bbox 1166 615 1223 666; x_wconf 81' lang='grc' dir='ltr'><strong><em>ὥς</em></strong></span> <span class='ocrx_word' id='word_1_62' title='bbox 1244 611 1524 670; x_wconf 73' lang='grc' dir='ltr'><strong><em>ἀμειψόμενος</em></strong></span> <span class='ocrx_word' id='word_1_63' title='bbox 1541 616 1626 659; x_wconf 75' lang='grc' dir='ltr'><strong><em>τῶν</em></strong></span> <span class='ocrx_word' id='word_1_64' title='bbox 1648 615 1726 657; x_wconf 85' lang='grc' dir='ltr'><strong><em>πό-</em></strong></span> 
     </span>
     <span class='ocr_line' id='line_1_9' title="bbox 268 681 1727 741; baseline -0.005 -11"><span class='ocrx_word' id='word_1_65' title='bbox 268 703 352 731; x_wconf 87' lang='grc' dir='ltr'><strong><em>νων</em></strong></span> <span class='ocrx_word' id='word_1_66' title='bbox 380 688 499 729; x_wconf 57' lang='lat' dir='ltr'>&amp;vena</span> <span class='ocrx_word' id='word_1_67' title='bbox 527 685 601 726; x_wconf 83' lang='grc' dir='ltr'>καί</span> <span class='ocrx_word' id='word_1_68' title='bbox 627 685 701 739; x_wconf 77' lang='grc' dir='ltr'><strong><em>τῆς</em></strong></span> <span class='ocrx_word' id='word_1_69' title='bbox 728 681 928 741; x_wconf 84' lang='grc' dir='ltr'><strong><em>οἷνδρίας,</em></strong></span> <span class='ocrx_word' id='word_1_70' title='bbox 981 681 1035 738; x_wconf 74' lang='grc' dir='ltr'><strong><em>ἢν</em></strong></span> <span class='ocrx_word' id='word_1_71' title='bbox 1070 685 1117 726; x_wconf 83' lang='grc' dir='ltr'><strong><em>ἑν</em></strong></span> <span class='ocrx_word' id='word_1_72' title='bbox 1144 684 1200 740; x_wconf 77' lang='grc' dir='ltr'><strong><em>τῷ</em></strong></span> <span class='ocrx_word' id='word_1_73' title='bbox 1227 684 1540 738; x_wconf 71' lang='grc' dir='ltr'><strong><em>πολιορκεῖσθαι</em></strong></span> <span class='ocrx_word' id='word_1_74' title='bbox 1565 681 1727 724; x_wconf 72' lang='grc' dir='ltr'><strong><em>ἐπεδεί-</em></strong></span> 
     </span>
     <span class='ocr_line' id='line_1_10' title="bbox 272 743 1726 807; baseline -0.004 -13"><span class='ocrx_word' id='word_1_75' title='bbox 272 756 408 804; x_wconf 80' lang='grc' dir='ltr'><strong><em>ξαντο.</em></strong></span> <span class='ocrx_word' id='word_1_76' title='bbox 435 748 457 792; x_wconf 83' lang='grc' dir='ltr'><strong>ὅ</strong></span> <span class='ocrx_word' id='word_1_77' title='bbox 484 752 531 792; x_wconf 82' lang='grc' dir='ltr'><strong><em>δὲ</em></strong></span> <span class='ocrx_word' id='word_1_78' title='bbox 558 750 629 806; x_wconf 79' lang='grc' dir='ltr'><strong><em>τῆς</em></strong></span> <span class='ocrx_word' id='word_1_79' title='bbox 657 749 922 807; x_wconf 73' lang='grc' dir='ltr'><strong><em>πεμφθείσης</em></strong></span> <span class='ocrx_word' id='word_1_80' title='bbox 948 749 1149 806; x_wconf 81' lang='grc' dir='ltr'><strong><em>στρατιᾶς</em></strong></span> <span class='ocrx_word' id='word_1_81' title='bbox 1177 745 1407 804; x_wconf 84' lang='grc' dir='ltr'><strong><em>στρατηγὸς</em></strong></span> <span class='ocrx_word' id='word_1_82' title='bbox 1433 743 1576 802; x_wconf 73' lang='grc' dir='ltr'><strong><em>ἐπειδὴ</em></strong></span> <span class='ocrx_word' id='word_1_83' title='bbox 1605 744 1726 802; x_wconf 80' lang='grc' dir='ltr'><strong><em>ε’γγύς</em></strong></span> 
     </span>
     <span class='ocr_line' id='line_1_11' title="bbox 273 807 1777 871; baseline -0.004 -12"><span class='ocrx_word' id='word_1_84' title='bbox 273 813 649 865; x_wconf 81' lang='grc' dir='ltr'><strong><em>Φιλιππουπόλεως</em></strong></span> <span class='ocrx_word' id='word_1_85' title='bbox 671 811 743 871; x_wconf 77' lang='grc' dir='ltr'><strong><em>ἦν,</em></strong></span> <span class='ocrx_word' id='word_1_86' title='bbox 766 817 938 870; x_wconf 81' lang='grc' dir='ltr'><strong><em>πέμψας</em></strong></span> <span class='ocrx_word' id='word_1_87' title='bbox 965 813 1067 870; x_wconf 87' lang='grc' dir='ltr'><strong><em>πρὸς</em></strong></span> <span class='ocrx_word' id='word_1_88' title='bbox 1088 812 1285 869; x_wconf 77' lang='grc' dir='ltr'><strong><em>Ἰβάνην,</em></strong></span> <span class='ocrx_word' id='word_1_89' title='bbox 1311 811 1386 867; x_wconf 87' lang='grc' dir='ltr'><strong><em>τήν</em></strong></span> <span class='ocrx_word' id='word_1_90' title='bbox 1411 827 1458 854; x_wconf 87' lang='grc' dir='ltr'><strong><em>τε</em></strong></span> <span class='ocrx_word' id='word_1_91' title='bbox 1480 807 1624 869; x_wconf 74' lang='grc' dir='ltr'><strong><em>ἄφιξιν</em></strong></span> <span class='ocrx_word' id='word_1_92' title='bbox 1643 812 1777 854; x_wconf 63' lang='lat' dir='ltr'>ani-¹0</span> 
     </span>
     <span class='ocr_line' id='line_1_12' title="bbox 237 873 1724 936; baseline -0.003 -12"><span class='ocrx_word' id='word_1_93' title='bbox 237 883 361 925; x_wconf 79' lang='grc' dir='ltr'><strong><em>Βτιόν</em></strong></span> <span class='ocrx_word' id='word_1_94' title='bbox 392 882 465 923; x_wconf 85' lang='grc' dir='ltr'>καί</span> <span class='ocrx_word' id='word_1_95' title='bbox 489 882 558 936; x_wconf 77' lang='grc' dir='ltr'><strong><em>ἐφ’</em></strong></span> <span class='ocrx_word' id='word_1_96' title='bbox 587 875 674 934; x_wconf 58' lang='lat' dir='ltr'>fisa</span> <span class='ocrx_word' id='word_1_97' title='bbox 690 876 828 936; x_wconf 77' lang='grc' dir='ltr'><strong><em>ἥκοιεν</em></strong></span> <span class='ocrx_word' id='word_1_98' title='bbox 855 878 1019 935; x_wconf 76' lang='grc' dir='ltr'><strong><em>ἐδήλου.</em></strong></span> <span class='ocrx_word' id='word_1_99' title='bbox 1049 877 1221 934; x_wconf 79' lang='grc' dir='ltr'><strong><em>Ἰβάνης</em></strong></span> <span class='ocrx_word' id='word_1_100' title='bbox 1249 879 1296 920; x_wconf 81' lang='grc' dir='ltr'><strong><em>δὲ</em></strong></span> <span class='ocrx_word' id='word_1_101' title='bbox 1323 875 1412 931; x_wconf 80' lang='grc' dir='ltr'><strong><em>ἅμα</em></strong></span> <span class='ocrx_word' id='word_1_102' title='bbox 1440 882 1528 927; x_wconf 82' lang='grc' dir='ltr'><strong><em>τοῖς</em></strong></span> <span class='ocrx_word' id='word_1_103' title='bbox 1554 876 1628 919; x_wconf 72' lang='grc' dir='ltr'><strong><em>ὕπ’</em></strong></span> <span class='ocrx_word' id='word_1_104' title='bbox 1646 873 1724 920; x_wconf 78' lang='grc' dir='ltr'><strong><em>αὗ-</em></strong></span> 
     </span>
     <span class='ocr_line' id='line_1_13' title="bbox 277 938 1725 1002; baseline -0.002 -14"><span class='ocrx_word' id='word_1_105' title='bbox 277 941 562 1002; x_wconf 65' lang='grc' dir='ltr'><strong><em>τὸνᾶρχουσι</em></strong></span> <span class='ocrx_word' id='word_1_106' title='bbox 586 947 660 1001; x_wconf 80' lang='grc' dir='ltr'><strong><em>τῆς</em></strong></span> <span class='ocrx_word' id='word_1_107' title='bbox 686 946 899 1002; x_wconf 81' lang='grc' dir='ltr'><strong><em>στρατιᾶς,</em></strong></span> <span class='ocrx_word' id='word_1_108' title='bbox 928 938 1003 987; x_wconf 72' lang='grc' dir='ltr'><strong><em>καὶ</em></strong></span> <span class='ocrx_word' id='word_1_109' title='bbox 1027 944 1127 994; x_wconf 79' lang='grc' dir='ltr'><strong><em>τούς</em></strong></span> <span class='ocrx_word' id='word_1_110' title='bbox 1155 941 1370 1001; x_wconf 75' lang='grc' dir='ltr'><strong><em>φρουρούς</em></strong></span> <span class='ocrx_word' id='word_1_111' title='bbox 1398 939 1490 986; x_wconf 82' lang='grc' dir='ltr'><strong><em>ὅσοι</em></strong></span> <span class='ocrx_word' id='word_1_112' title='bbox 1515 939 1623 999; x_wconf 78' lang='grc' dir='ltr'><strong><em>ἦσαν</em></strong></span> <span class='ocrx_word' id='word_1_113' title='bbox 1641 960 1725 985; x_wconf 92' lang='grc' dir='ltr'><strong><em>πα-</em></strong></span> 
     </span>
     <span class='ocr_line' id='line_1_14' title="bbox 271 1010 1724 1068; baseline -0.001 -16"><span class='ocrx_word' id='word_1_114' title='bbox 271 1011 482 1068; x_wconf 82' lang='grc' dir='ltr'><strong><em>ραλαβών,</em></strong></span> <span class='ocrx_word' id='word_1_115' title='bbox 510 1011 570 1061; x_wconf 86' lang='grc' dir='ltr'><strong><em>εἷς</em></strong></span> <span class='ocrx_word' id='word_1_116' title='bbox 597 1011 826 1066; x_wconf 73' lang='grc' dir='ltr'><strong><em>ὑπάντησιν</em></strong></span> <span class='ocrx_word' id='word_1_117' title='bbox 854 1012 1004 1066; x_wconf 77' lang='grc' dir='ltr'><strong><em>ἐξῆλθε</em></strong></span> <span class='ocrx_word' id='word_1_118' title='bbox 1030 1011 1113 1052; x_wconf 79' lang='grc' dir='ltr'><strong><em>τῶν</em></strong></span> <span class='ocrx_word' id='word_1_119' title='bbox 1140 1010 1391 1065; x_wconf 78' lang='grc' dir='ltr'><strong><em>ἐρχομένων,</em></strong></span> <span class='ocrx_word' id='word_1_120' title='bbox 1419 1011 1493 1052; x_wconf 80' lang='grc' dir='ltr'><em>καί</em></span> <span class='ocrx_word' id='word_1_121' title='bbox 1519 1011 1724 1051; x_wconf 83' lang='grc' dir='ltr'><strong><em>διενυκτέ-</em></strong></span> 
     </span>
     <span class='ocr_line' id='line_1_15' title="bbox 269 1071 1724 1133; baseline -0.002 -15"><span class='ocrx_word' id='word_1_122' title='bbox 269 1091 419 1133; x_wconf 87' lang='grc' dir='ltr'><strong><em>ρευσεν</em></strong></span> <span class='ocrx_word' id='word_1_123' title='bbox 445 1074 527 1126; x_wconf 79' lang='grc' dir='ltr'><strong><em>ἔξω</em></strong></span> <span class='ocrx_word' id='word_1_124' title='bbox 554 1079 646 1130; x_wconf 85' lang='grc' dir='ltr'><strong><em>μετ’</em></strong></span> <span class='ocrx_word' id='word_1_125' title='bbox 677 1076 816 1119; x_wconf 75' lang='grc' dir='ltr'><strong><em>αὐτῶν</em></strong></span> <span class='ocrx_word' id='word_1_126' title='bbox 845 1076 902 1125; x_wconf 79' lang='grc' dir='ltr'><strong><em>ὥς</em></strong></span> <span class='ocrx_word' id='word_1_127' title='bbox 934 1077 978 1125; x_wconf 76' lang='grc' dir='ltr'><strong><em>ἐς</em></strong></span> <span class='ocrx_word' id='word_1_128' title='bbox 1003 1075 1078 1131; x_wconf 81' lang='grc' dir='ltr'><strong><em>τήν</em></strong></span> <span class='ocrx_word' id='word_1_129' title='bbox 1105 1074 1332 1131; x_wconf 73' lang='grc' dir='ltr'><strong><em>ὕστεραίαν</em></strong></span> <span class='ocrx_word' id='word_1_130' title='bbox 1375 1071 1519 1126; x_wconf 81' lang='grc' dir='ltr'><strong><em>αὖτοΐς</em></strong></span> <span class='ocrx_word' id='word_1_131' title='bbox 1544 1073 1620 1131; x_wconf 79' lang='grc' dir='ltr'><strong><em>τὴν</em></strong></span> <span class='ocrx_word' id='word_1_132' title='bbox 1646 1071 1724 1116; x_wconf 84' lang='grc' dir='ltr'><strong><em>πό-</em></strong></span> 
     </span>
     <span class='ocr_line' id='line_1_16' title="bbox 269 1137 1776 1198; baseline 0.001 -15"><span class='ocrx_word' id='word_1_133' title='bbox 269 1146 337 1183; x_wconf 90' lang='grc' dir='ltr'><strong><em>λιν</em></strong></span> <span class='ocrx_word' id='word_1_134' title='bbox 364 1141 644 1198; x_wconf 79' lang='grc' dir='ltr'><strong><em>παραδώσων.</em></strong></span> <span class='ocrx_word' id='word_1_135' title='bbox 671 1140 830 1183; x_wconf 75' lang='grc' dir='ltr'><strong><em>ὖπὸδὲ</em></strong></span> <span class='ocrx_word' id='word_1_136' title='bbox 858 1139 933 1197; x_wconf 78' lang='grc' dir='ltr'><strong><em>τήν</em></strong></span> <span class='ocrx_word' id='word_1_137' title='bbox 962 1137 1094 1196; x_wconf 80' lang='grc' dir='ltr'><strong><em>αὗτήν</em></strong></span> <span class='ocrx_word' id='word_1_138' title='bbox 1120 1139 1247 1183; x_wconf 80' lang='grc' dir='ltr'><strong><em>νύκτα</em></strong></span> <span class='ocrx_word' id='word_1_139' title='bbox 1274 1141 1349 1182; x_wconf 78' lang='grc' dir='ltr'><em>καί</em></span> <span class='ocrx_word' id='word_1_140' title='bbox 1373 1139 1395 1183; x_wconf 87' lang='grc' dir='ltr'><em>ὃ</em></span> <span class='ocrx_word' id='word_1_141' title='bbox 1414 1141 1641 1196; x_wconf 79' lang='grc' dir='ltr'><strong><em>Βρυέννιος</em></strong></span> <span class='ocrx_word' id='word_1_142' title='bbox 1662 1140 1776 1189; x_wconf 70' lang='grc' dir='ltr'><strong><em>εῖςῐό</em></strong></span> 
     </span>
     <span class='ocr_line' id='line_1_17' title="bbox 270 1202 1724 1263; baseline -0.001 -15"><span class='ocrx_word' id='word_1_143' title='bbox 270 1204 605 1249; x_wconf 79' lang='grc' dir='ltr'><strong><em>Φιλιππούπολιν</em></strong></span> <span class='ocrx_word' id='word_1_144' title='bbox 633 1205 878 1263; x_wconf 77' lang='grc' dir='ltr'><strong><em>ἐνήδρευσεν</em></strong></span> <span class='ocrx_word' id='word_1_145' title='bbox 905 1205 1056 1260; x_wconf 72' lang='grc' dir='ltr'><strong><em>ἐλθών,</em></strong></span> <span class='ocrx_word' id='word_1_146' title='bbox 1086 1206 1144 1256; x_wconf 82' lang='grc' dir='ltr'><strong><em>ὥς</em></strong></span> <span class='ocrx_word' id='word_1_147' title='bbox 1173 1203 1262 1260; x_wconf 80' lang='grc' dir='ltr'><strong><em>ἅμα</em></strong></span> <span class='ocrx_word' id='word_1_148' title='bbox 1290 1208 1344 1263; x_wconf 78' lang='grc' dir='ltr'><strong><em>ἕῳ</em></strong></span> <span class='ocrx_word' id='word_1_149' title='bbox 1372 1204 1424 1247; x_wconf 83' lang='grc' dir='ltr'><strong><em>τὰ</em></strong></span> <span class='ocrx_word' id='word_1_150' title='bbox 1461 1206 1537 1260; x_wconf 83' lang='grc' dir='ltr'><strong><em>τῆς</em></strong></span> <span class='ocrx_word' id='word_1_151' title='bbox 1565 1202 1724 1254; x_wconf 89' lang='grc' dir='ltr'><strong><em>πόλεως</em></strong></span> 
     </span>
     <span class='ocr_line' id='line_1_18' title="bbox 268 1261 1721 1328; baseline -0.001 -15"><span class='ocrx_word' id='word_1_152' title='bbox 268 1271 516 1326; x_wconf 88' lang='grc' dir='ltr'><strong><em>βοσκήματα</em></strong></span> <span class='ocrx_word' id='word_1_153' title='bbox 549 1272 817 1328; x_wconf 84' lang='grc' dir='ltr'><strong><em>διαρπάσων.</em></strong></span> <span class='ocrx_word' id='word_1_154' title='bbox 879 1271 1114 1325; x_wconf 86' lang='grc' dir='ltr'><strong><em>πυθόμενος</em></strong></span> <span class='ocrx_word' id='word_1_155' title='bbox 1149 1273 1210 1325; x_wconf 81' lang='grc' dir='ltr'><strong><em>δὲ,</em></strong></span> <span class='ocrx_word' id='word_1_156' title='bbox 1237 1268 1294 1320; x_wconf 78' lang='grc' dir='ltr'><strong><em>ὥς</em></strong></span> <span class='ocrx_word' id='word_1_157' title='bbox 1323 1270 1347 1313; x_wconf 79' lang='grc' dir='ltr'>ὅ</span> <span class='ocrx_word' id='word_1_158' title='bbox 1390 1269 1560 1326; x_wconf 80' lang='grc' dir='ltr'><strong><em>Ἰβάνης</em></strong></span> <span class='ocrx_word' id='word_1_159' title='bbox 1591 1269 1666 1312; x_wconf 81' lang='grc' dir='ltr'><strong><em>καί</em></strong></span> <span class='ocrx_word' id='word_1_160' title='bbox 1693 1261 1721 1326; x_wconf 80' lang='grc' dir='ltr'><em>ἦ</em></span> 
     </span>
     <span class='ocr_line' id='line_1_19' title="bbox 272 1335 1722 1394; baseline 0 -17"><span class='ocrx_word' id='word_1_161' title='bbox 272 1338 521 1393; x_wconf 79' lang='grc' dir='ltr'><strong><em>φρουροῦσα</em></strong></span> <span class='ocrx_word' id='word_1_162' title='bbox 544 1335 724 1394; x_wconf 78' lang='grc' dir='ltr'><strong><em>στρατιὰ</em></strong></span> <span class='ocrx_word' id='word_1_163' title='bbox 750 1335 842 1391; x_wconf 77' lang='grc' dir='ltr'><strong><em>ἅμα</em></strong></span> <span class='ocrx_word' id='word_1_164' title='bbox 866 1343 950 1387; x_wconf 84' lang='grc' dir='ltr'><strong><em>τοῖς</em></strong></span> <span class='ocrx_word' id='word_1_165' title='bbox 974 1338 1191 1394; x_wconf 84' lang='grc' dir='ltr'><strong><em>σφετέροις</em></strong></span> <span class='ocrx_word' id='word_1_166' title='bbox 1225 1341 1472 1392; x_wconf 76' lang='grc' dir='ltr'><strong><em>στρατηγοῖς</em></strong></span> <span class='ocrx_word' id='word_1_167' title='bbox 1494 1336 1554 1385; x_wconf 81' lang='grc' dir='ltr'><strong><em>εἷς</em></strong></span> <span class='ocrx_word' id='word_1_168' title='bbox 1587 1335 1722 1389; x_wconf 82' lang='grc' dir='ltr'><strong><em>ὖπάν-</em></strong></span> 
     </span>
     <span class='ocr_line' id='line_1_20' title="bbox 270 1398 1721 1459; baseline 0 -16"><span class='ocrx_word' id='word_1_169' title='bbox 270 1417 391 1456; x_wconf 88' lang='grc' dir='ltr'><strong><em>τησιν</em></strong></span> <span class='ocrx_word' id='word_1_170' title='bbox 411 1403 582 1459; x_wconf 77' lang='grc' dir='ltr'><strong><em>ἐξῄεσαν</em></strong></span> <span class='ocrx_word' id='word_1_171' title='bbox 604 1405 688 1446; x_wconf 77' lang='grc' dir='ltr'><strong><em>τῶν</em></strong></span> <span class='ocrx_word' id='word_1_172' title='bbox 710 1401 1028 1457; x_wconf 77' lang='grc' dir='ltr'><strong><em>διαδεξομένων,</em></strong></span> <span class='ocrx_word' id='word_1_173' title='bbox 1057 1399 1245 1452; x_wconf 80' lang='grc' dir='ltr'><strong><em>οἷναστὰς</em></strong></span> <span class='ocrx_word' id='word_1_174' title='bbox 1265 1399 1395 1458; x_wconf 75' lang='grc' dir='ltr'><strong><em>ἦλθεν</em></strong></span> <span class='ocrx_word' id='word_1_175' title='bbox 1413 1398 1537 1456; x_wconf 73' lang='grc' dir='ltr'><strong><em>ε’γγὺς</em></strong></span> <span class='ocrx_word' id='word_1_176' title='bbox 1555 1402 1721 1454; x_wconf 76' lang='grc' dir='ltr'><strong><em>τειχῶν.</em></strong></span> 
     </span>
     <span class='ocr_line' id='line_1_21' title="bbox 271 1463 1773 1524; baseline 0 -17"><span class='ocrx_word' id='word_1_177' title='bbox 271 1465 311 1507; x_wconf 83' lang='grc' dir='ltr'><strong><em>οἱ</em></strong></span> <span class='ocrx_word' id='word_1_178' title='bbox 331 1467 377 1508; x_wconf 82' lang='grc' dir='ltr'><strong><em>δὲ</em></strong></span> <span class='ocrx_word' id='word_1_179' title='bbox 399 1468 686 1516; x_wconf 86' lang='grc' dir='ltr'><strong><em>κατοικοῦντες</em></strong></span> <span class='ocrx_word' id='word_1_180' title='bbox 705 1466 783 1524; x_wconf 79' lang='grc' dir='ltr'><strong><em>τὴν</em></strong></span> <span class='ocrx_word' id='word_1_181' title='bbox 801 1467 923 1511; x_wconf 90' lang='grc' dir='ltr'><strong><em>πόλιν</em></strong></span> <span class='ocrx_word' id='word_1_182' title='bbox 940 1467 1180 1521; x_wconf 84' lang='grc' dir='ltr'><strong><em>νομίσαντες</em></strong></span> <span class='ocrx_word' id='word_1_183' title='bbox 1204 1465 1351 1524; x_wconf 85' lang='grc' dir='ltr'><strong><em>καιρὸν</em></strong></span> <span class='ocrx_word' id='word_1_184' title='bbox 1377 1463 1486 1510; x_wconf 83' lang='grc' dir='ltr'><strong><em>εἶναι</em></strong></span> <span class='ocrx_word' id='word_1_185' title='bbox 1510 1468 1595 1508; x_wconf 81' lang='grc' dir='ltr'><strong><em>τῶν</em></strong></span> <span class='ocrx_word' id='word_1_186' title='bbox 1614 1469 1773 1508; x_wconf 83' lang='lat' dir='ltr'>Mv-2o</span> 
     </span>
     <span class='ocr_line' id='line_1_22' title="bbox 271 1526 1718 1588; baseline 0.002 -18"><span class='ocrx_word' id='word_1_187' title='bbox 271 1530 357 1571; x_wconf 81' lang='grc' dir='ltr'><strong><em>σῶν</em></strong></span> <span class='ocrx_word' id='word_1_188' title='bbox 381 1526 560 1580; x_wconf 76' lang='grc' dir='ltr'><strong><em>ἑαυτοῦς</em></strong></span> <span class='ocrx_word' id='word_1_189' title='bbox 585 1533 857 1588; x_wconf 74' lang='grc' dir='ltr'><strong><em>ἐλευθεροῦν,</em></strong></span> <span class='ocrx_word' id='word_1_190' title='bbox 901 1529 1140 1582; x_wconf 78' lang='grc' dir='ltr'><strong><em>ἄνοι’ξαντες</em></strong></span> <span class='ocrx_word' id='word_1_191' title='bbox 1158 1530 1235 1582; x_wconf 73' lang='grc' dir='ltr'><strong><em>τὰς</em></strong></span> <span class='ocrx_word' id='word_1_192' title='bbox 1258 1531 1416 1584; x_wconf 83' lang='grc' dir='ltr'><strong><em>πύλας,</em></strong></span> <span class='ocrx_word' id='word_1_193' title='bbox 1448 1529 1524 1573; x_wconf 86' lang='grc' dir='ltr'><strong><em>τὸν</em></strong></span> <span class='ocrx_word' id='word_1_194' title='bbox 1551 1533 1718 1587; x_wconf 80' lang='grc' dir='ltr'><strong><em>Βρυέν-</em></strong></span> 
     </span>
     <span class='ocr_line' id='line_1_23' title="bbox 270 1592 1716 1655; baseline 0.001 -20"><span class='ocrx_word' id='word_1_195' title='bbox 270 1609 356 1636; x_wconf 90' lang='grc' dir='ltr'><strong><em>νιον</em></strong></span> <span class='ocrx_word' id='word_1_196' title='bbox 376 1592 465 1648; x_wconf 79' lang='grc' dir='ltr'><strong><em>ἅμα</em></strong></span> <span class='ocrx_word' id='word_1_197' title='bbox 480 1598 531 1653; x_wconf 82' lang='grc' dir='ltr'><strong><em>τῇ</em></strong></span> <span class='ocrx_word' id='word_1_198' title='bbox 547 1594 775 1650; x_wconf 70' lang='grc' dir='ltr'><strong><em>εΡωμαίων</em></strong></span> <span class='ocrx_word' id='word_1_199' title='bbox 797 1598 1053 1648; x_wconf 80' lang='grc' dir='ltr'><strong><em>εἰσεδέξαντο</em></strong></span> <span class='ocrx_word' id='word_1_200' title='bbox 1081 1600 1270 1655; x_wconf 76' lang='grc' dir='ltr'><strong><em>στρατιᾷ.</em></strong></span> <span class='ocrx_word' id='word_1_201' title='bbox 1297 1599 1369 1639; x_wconf 86' lang='grc' dir='ltr'>καί</span> <span class='ocrx_word' id='word_1_202' title='bbox 1388 1594 1410 1639; x_wconf 78' lang='grc' dir='ltr'>ὃ</span> <span class='ocrx_word' id='word_1_203' title='bbox 1422 1594 1620 1651; x_wconf 76' lang='grc' dir='ltr'><strong><em>βασιλεὺς</em></strong></span> <span class='ocrx_word' id='word_1_204' title='bbox 1644 1593 1716 1638; x_wconf 71' lang='grc' dir='ltr'><strong><em>διὰ</em></strong></span> 
     </span>
     <span class='ocr_line' id='line_1_24' title="bbox 270 1659 1718 1718; baseline 0.001 -18"><span class='ocrx_word' id='word_1_205' title='bbox 270 1661 343 1713; x_wconf 77' lang='grc' dir='ltr'><strong><em>τῆς</em></strong></span> <span class='ocrx_word' id='word_1_206' title='bbox 365 1659 538 1715; x_wconf 85' lang='grc' dir='ltr'><strong><em>χρονίου</em></strong></span> <span class='ocrx_word' id='word_1_207' title='bbox 564 1661 807 1718; x_wconf 88' lang='grc' dir='ltr'><strong><em>πολιορκίας</em></strong></span> <span class='ocrx_word' id='word_1_208' title='bbox 830 1662 903 1705; x_wconf 80' lang='grc' dir='ltr'><em>καί</em></span> <span class='ocrx_word' id='word_1_209' title='bbox 918 1664 1001 1705; x_wconf 81' lang='grc' dir='ltr'><strong><em>τῶν</em></strong></span> <span class='ocrx_word' id='word_1_210' title='bbox 1024 1666 1186 1706; x_wconf 74' lang='grc' dir='ltr'><strong><em>πολλῶν</em></strong></span> <span class='ocrx_word' id='word_1_211' title='bbox 1208 1665 1282 1704; x_wconf 79' lang='grc' dir='ltr'>καί</span> <span class='ocrx_word' id='word_1_212' title='bbox 1300 1663 1488 1716; x_wconf 78' lang='grc' dir='ltr'><strong><em>συνεχῶν</em></strong></span> <span class='ocrx_word' id='word_1_213' title='bbox 1513 1661 1589 1703; x_wconf 74' lang='grc' dir='ltr'><strong><em>οὐκ</em></strong></span> <span class='ocrx_word' id='word_1_214' title='bbox 1611 1660 1718 1715; x_wconf 84' lang='grc' dir='ltr'><strong><em>ἤδυ-</em></strong></span> 
     </span>
     <span class='ocr_line' id='line_1_25' title="bbox 271 1719 1716 1784; baseline 0.003 -20"><span class='ocrx_word' id='word_1_215' title='bbox 271 1722 379 1778; x_wconf 87' lang='grc' dir='ltr'><strong><em>νήθη</em></strong></span> <span class='ocrx_word' id='word_1_216' title='bbox 399 1725 752 1781; x_wconf 78' lang='grc' dir='ltr'><strong><em>καταπράξασθαι</em></strong></span> <span class='ocrx_word' id='word_1_217' title='bbox 775 1719 1074 1781; x_wconf 65' lang='grc' dir='ltr'><strong><em>τειχομαχιῶν,</em></strong></span> <span class='ocrx_word' id='word_1_218' title='bbox 1094 1729 1216 1784; x_wconf 79' lang='grc' dir='ltr'><strong><em>τοῦτο</em></strong></span> <span class='ocrx_word' id='word_1_219' title='bbox 1226 1729 1478 1783; x_wconf 70' lang='grc' dir='ltr'><strong><em>Βρυέννιος,</em></strong></span> <span class='ocrx_word' id='word_1_220' title='bbox 1494 1725 1597 1768; x_wconf 88' lang='grc' dir='ltr'><strong><em>θεοῦ</em></strong></span> <span class='ocrx_word' id='word_1_221' title='bbox 1614 1742 1716 1768; x_wconf 89' lang='grc' dir='ltr'><strong><em>συν-</em></strong></span> 
     </span>
     <span class='ocr_line' id='line_1_26' title="bbox 140 1787 1766 1853; baseline 0.004 -23"><span class='ocrx_word' id='word_1_222' title='bbox 140 1796 176 1830; x_wconf 88' lang='grc' dir='ltr'><strong><em>Ρ.</em></strong></span> <span class='ocrx_word' id='word_1_223' title='bbox 189 1796 257 1832; x_wconf 83' lang='grc'><strong><em>111</em></strong></span> <span class='ocrx_word' id='word_1_224' title='bbox 270 1790 509 1844; x_wconf 82' lang='grc' dir='ltr'><strong><em>αιρομένου,</em></strong></span> <span class='ocrx_word' id='word_1_225' title='bbox 538 1789 817 1847; x_wconf 78' lang='grc' dir='ltr'><strong><em>κατώρθωσεν</em></strong></span> <span class='ocrx_word' id='word_1_226' title='bbox 841 1788 1006 1842; x_wconf 74' lang='grc' dir='ltr'><strong><em>ἀπόνως</em></strong></span> <span class='ocrx_word' id='word_1_227' title='bbox 1015 1826 1028 1846; x_wconf 96' lang='grc'><strong><em>,</em></strong></span> <span class='ocrx_word' id='word_1_228' title='bbox 1057 1790 1132 1835; x_wconf 77' lang='grc' dir='ltr'><strong><em>καὶ</em></strong></span> <span class='ocrx_word' id='word_1_229' title='bbox 1154 1791 1231 1848; x_wconf 78' lang='grc' dir='ltr'><strong><em>τήν</em></strong></span> <span class='ocrx_word' id='word_1_230' title='bbox 1255 1792 1589 1835; x_wconf 80' lang='grc' dir='ltr'><strong><em>Φιλιππούπολιν</em></strong></span> <span class='ocrx_word' id='word_1_231' title='bbox 1614 1787 1766 1853; x_wconf 20' lang='lat' dir='ltr'>‘vivs-25</span> 
     </span>
    </p>
   </div>
   <div class='ocr_carea' id='block_1_3' title="bbox 268 1905 1752 2741">
    <p class='ocr_par' dir='ltr' id='par_1_3' title="bbox 268 1905 1752 2741">
     <span class='ocr_line' id='line_1_27' title="bbox 274 1905 1711 1953; baseline 0.002 -15"><span class='ocrx_word' id='word_1_232' title='bbox 274 1916 347 1950; x_wconf 85' lang='lat' dir='ltr'>quo</span> <span class='ocrx_word' id='word_1_233' title='bbox 373 1906 491 1939; x_wconf 80' lang='lat' dir='ltr'>minus</span> <span class='ocrx_word' id='word_1_234' title='bbox 517 1916 596 1939; x_wconf 89' lang='lat' dir='ltr'><strong><em>cum</em></strong></span> <span class='ocrx_word' id='word_1_235' title='bbox 618 1905 798 1939; x_wconf 89' lang='lat' dir='ltr'>Michaele</span> <span class='ocrx_word' id='word_1_236' title='bbox 823 1911 861 1940; x_wconf 83' lang='lat' dir='ltr'>et</span> <span class='ocrx_word' id='word_1_237' title='bbox 893 1906 1133 1941; x_wconf 80' lang='lat' dir='ltr'>auxiliaribus</span> <span class='ocrx_word' id='word_1_238' title='bbox 1169 1907 1249 1941; x_wconf 86' lang='lat' dir='ltr'>eius</span> <span class='ocrx_word' id='word_1_239' title='bbox 1285 1905 1572 1952; x_wconf 75' lang='lat' dir='ltr'><strong>congrederetur.</strong></span> <span class='ocrx_word' id='word_1_240' title='bbox 1629 1908 1711 1953; x_wconf 87' lang='lat' dir='ltr'>Ipse</span> 
     </span>
     <span class='ocr_line' id='line_1_28' title="bbox 271 1951 1712 1999; baseline 0.003 -15"><span class='ocrx_word' id='word_1_241' title='bbox 271 1958 392 1985; x_wconf 84' lang='lat' dir='ltr'>autem</span> <span class='ocrx_word' id='word_1_242' title='bbox 418 1952 576 1984; x_wconf 85' lang='lat' dir='ltr'>Michael</span> <span class='ocrx_word' id='word_1_243' title='bbox 601 1964 690 1997; x_wconf 84' lang='lat' dir='ltr'>quas</span> <span class='ocrx_word' id='word_1_244' title='bbox 722 1953 914 1986; x_wconf 88' lang='lat' dir='ltr'>obsidebat</span> <span class='ocrx_word' id='word_1_245' title='bbox 951 1954 1078 1994; x_wconf 89' lang='lat' dir='ltr'>urbes,</span> <span class='ocrx_word' id='word_1_246' title='bbox 1111 1953 1276 1988; x_wconf 79' lang='lat' dir='ltr'>subsidia</span> <span class='ocrx_word' id='word_1_247' title='bbox 1306 1955 1548 1987; x_wconf 82' lang='lat' dir='ltr'>Romanorum</span> <span class='ocrx_word' id='word_1_248' title='bbox 1579 1951 1712 1999; x_wconf 82' lang='lat' dir='ltr'>despe-</span> 
     </span>
     <span class='ocr_line' id='line_1_29' title="bbox 273 1998 1711 2046; baseline 0.003 -16"><span class='ocrx_word' id='word_1_249' title='bbox 273 2004 392 2031; x_wconf 82' lang='lat' dir='ltr'><strong>rantes</strong></span> <span class='ocrx_word' id='word_1_250' title='bbox 407 2022 417 2038; x_wconf 83' lang='lat'>‚</span> <span class='ocrx_word' id='word_1_251' title='bbox 441 1998 486 2031; x_wconf 86' lang='lat' dir='ltr'><strong><em>ad</em></strong></span> <span class='ocrx_word' id='word_1_252' title='bbox 509 1998 734 2031; x_wconf 82' lang='lat' dir='ltr'>deditionem</span> <span class='ocrx_word' id='word_1_253' title='bbox 758 1999 928 2044; x_wconf 84' lang='lat' dir='ltr'><strong>adigebat</strong></span> <span class='ocrx_word' id='word_1_254' title='bbox 943 2024 952 2040; x_wconf 93' lang='lat'><strong><em>‚</em></strong></span> <span class='ocrx_word' id='word_1_255' title='bbox 979 2005 1016 2033; x_wconf 85' lang='lat' dir='ltr'>et</span> <span class='ocrx_word' id='word_1_256' title='bbox 1040 1999 1312 2046; x_wconf 81' lang='lat' dir='ltr'>Philippopolin</span> <span class='ocrx_word' id='word_1_257' title='bbox 1337 1999 1558 2044; x_wconf 79' lang='lat' dir='ltr'>praesidium</span> <span class='ocrx_word' id='word_1_258' title='bbox 1582 2011 1711 2034; x_wconf 81' lang='lat' dir='ltr'>recens</span> 
     </span>
     <span class='ocr_line' id='line_1_30' title="bbox 273 2043 1752 2092; baseline 0.005 -16"><span class='ocrx_word' id='word_1_259' title='bbox 273 2055 353 2076; x_wconf 87' lang='lat' dir='ltr'><strong><em>cum</em></strong></span> <span class='ocrx_word' id='word_1_260' title='bbox 380 2055 473 2077; x_wconf 91' lang='lat' dir='ltr'>novo</span> <span class='ocrx_word' id='word_1_261' title='bbox 500 2043 591 2077; x_wconf 88' lang='lat' dir='ltr'>duce</span> <span class='ocrx_word' id='word_1_262' title='bbox 614 2045 874 2085; x_wconf 83' lang='lat' dir='ltr'>transmittens,</span> <span class='ocrx_word' id='word_1_263' title='bbox 899 2046 1047 2079; x_wconf 86' lang='lat' dir='ltr'>Ibanem</span> <span class='ocrx_word' id='word_1_264' title='bbox 1072 2052 1283 2092; x_wconf 83' lang='lat' dir='ltr'>ceterosque</span> <span class='ocrx_word' id='word_1_265' title='bbox 1307 2046 1415 2079; x_wconf 89' lang='lat' dir='ltr'>duces</span> <span class='ocrx_word' id='word_1_266' title='bbox 1439 2057 1480 2079; x_wconf 89' lang='lat' dir='ltr'><strong><em>ac</em></strong></span> <span class='ocrx_word' id='word_1_267' title='bbox 1501 2046 1638 2081; x_wconf 79' lang='lat' dir='ltr'><strong>milites</strong></span> <span class='ocrx_word' id='word_1_268' title='bbox 1664 2046 1712 2081; x_wconf 86' lang='lat' dir='ltr'><strong><em>ad</em></strong></span> <span class='ocrx_word' id='word_1_269' title='bbox 1749 2080 1752 2083; x_wconf 89' lang='lat'>.</span> 
     </span>
     <span class='ocr_line' id='line_1_31' title="bbox 270 2089 1711 2134; baseline 0.003 -12"><span class='ocrx_word' id='word_1_270' title='bbox 270 2091 431 2134; x_wconf 86' lang='lat' dir='ltr'>praemia</span> <span class='ocrx_word' id='word_1_271' title='bbox 455 2101 521 2134; x_wconf 87' lang='lat' dir='ltr'>pro</span> <span class='ocrx_word' id='word_1_272' title='bbox 545 2089 731 2124; x_wconf 84' lang='lat' dir='ltr'>laboribus</span> <span class='ocrx_word' id='word_1_273' title='bbox 758 2092 796 2124; x_wconf 90' lang='lat' dir='ltr'><strong><em>in</em></strong></span> <span class='ocrx_word' id='word_1_274' title='bbox 820 2091 1012 2125; x_wconf 85' lang='lat' dir='ltr'>obsidione</span> <span class='ocrx_word' id='word_1_275' title='bbox 1034 2093 1195 2126; x_wconf 75' lang='lat' dir='ltr'>toleratis</span> <span class='ocrx_word' id='word_1_276' title='bbox 1222 2096 1259 2124; x_wconf 84' lang='lat' dir='ltr'>et</span> <span class='ocrx_word' id='word_1_277' title='bbox 1281 2091 1414 2125; x_wconf 82' lang='lat' dir='ltr'>virtute</span> <span class='ocrx_word' id='word_1_278' title='bbox 1440 2097 1619 2125; x_wconf 80' lang='lat' dir='ltr'>ostentata</span> <span class='ocrx_word' id='word_1_279' title='bbox 1651 2104 1711 2127; x_wconf 90' lang='lat' dir='ltr'>re-</span> 
     </span>
     <span class='ocr_line' id='line_1_32' title="bbox 271 2136 1711 2184; baseline 0.005 -17"><span class='ocrx_word' id='word_1_280' title='bbox 271 2136 431 2169; x_wconf 87' lang='lat' dir='ltr'>vocabat.</span> <span class='ocrx_word' id='word_1_281' title='bbox 480 2136 563 2168; x_wconf 83' lang='lat' dir='ltr'><strong><em>Dux</em></strong></span> <span class='ocrx_word' id='word_1_282' title='bbox 598 2137 682 2169; x_wconf 86' lang='lat' dir='ltr'>novi</span> <span class='ocrx_word' id='word_1_283' title='bbox 706 2138 879 2182; x_wconf 86' lang='lat' dir='ltr'>praesidii</span> <span class='ocrx_word' id='word_1_284' title='bbox 918 2139 991 2170; x_wconf 86' lang='lat' dir='ltr'><strong><em>iam</em></strong></span> <span class='ocrx_word' id='word_1_285' title='bbox 1026 2138 1108 2173; x_wconf 87' lang='lat' dir='ltr'>urbi</span> <span class='ocrx_word' id='word_1_286' title='bbox 1142 2138 1282 2172; x_wconf 85' lang='lat' dir='ltr'>vicinus</span> <span class='ocrx_word' id='word_1_287' title='bbox 1323 2138 1370 2171; x_wconf 89' lang='lat' dir='ltr'><strong><em>ad</em></strong></span> <span class='ocrx_word' id='word_1_288' title='bbox 1416 2137 1565 2172; x_wconf 84' lang='lat' dir='ltr'>Ibanem</span> <span class='ocrx_word' id='word_1_289' title='bbox 1601 2149 1711 2184; x_wconf 85' lang='lat' dir='ltr'>super</span> 
     </span>
     <span class='ocr_line' id='line_1_33' title="bbox 272 2182 1708 2229; baseline 0.003 -15"><span class='ocrx_word' id='word_1_290' title='bbox 272 2182 427 2215; x_wconf 83' lang='lat' dir='ltr'>adventu</span> <span class='ocrx_word' id='word_1_291' title='bbox 464 2193 528 2214; x_wconf 88' lang='lat' dir='ltr'><strong><em>suo</em></strong></span> <span class='ocrx_word' id='word_1_292' title='bbox 564 2183 700 2224; x_wconf 75' lang='lat' dir='ltr'>mittit,</span> <span class='ocrx_word' id='word_1_293' title='bbox 741 2189 778 2216; x_wconf 78' lang='lat' dir='ltr'>et</span> <span class='ocrx_word' id='word_1_294' title='bbox 813 2196 875 2216; x_wconf 88' lang='lat' dir='ltr'><strong><em>cur</em></strong></span> <span class='ocrx_word' id='word_1_295' title='bbox 905 2185 1028 2218; x_wconf 82' lang='lat' dir='ltr'>veniat</span> <span class='ocrx_word' id='word_1_296' title='bbox 1062 2185 1237 2229; x_wconf 81' lang='lat' dir='ltr'>adiungit,</span> <span class='ocrx_word' id='word_1_297' title='bbox 1294 2183 1424 2218; x_wconf 79' lang='lat' dir='ltr'>Ibanes</span> <span class='ocrx_word' id='word_1_298' title='bbox 1447 2195 1527 2218; x_wconf 88' lang='lat' dir='ltr'><strong><em>cum</em></strong></span> <span class='ocrx_word' id='word_1_299' title='bbox 1553 2184 1708 2220; x_wconf 81' lang='lat' dir='ltr'>ducibus</span> 
     </span>
     <span class='ocr_line' id='line_1_34' title="bbox 271 2227 1706 2276; baseline 0.004 -17"><span class='ocrx_word' id='word_1_300' title='bbox 271 2227 341 2260; x_wconf 89' lang='lat' dir='ltr'>sibi</span> <span class='ocrx_word' id='word_1_301' title='bbox 367 2227 678 2262; x_wconf 86' lang='lat' dir='ltr'>subservientibus</span> <span class='ocrx_word' id='word_1_302' title='bbox 701 2230 954 2276; x_wconf 81' lang='lat' dir='ltr'><strong>militibusque</strong></span> <span class='ocrx_word' id='word_1_303' title='bbox 979 2232 1155 2264; x_wconf 88' lang='lat' dir='ltr'>universis</span> <span class='ocrx_word' id='word_1_304' title='bbox 1176 2230 1407 2264; x_wconf 81' lang='lat' dir='ltr'>venientibus</span> <span class='ocrx_word' id='word_1_305' title='bbox 1434 2230 1576 2264; x_wconf 82' lang='lat' dir='ltr'>obviam</span> <span class='ocrx_word' id='word_1_306' title='bbox 1609 2231 1706 2266; x_wconf 84' lang='lat' dir='ltr'>foras</span> 
     </span>
     <span class='ocr_line' id='line_1_35' title="bbox 270 2273 1710 2320; baseline 0.003 -14"><span class='ocrx_word' id='word_1_307' title='bbox 270 2273 395 2318; x_wconf 77' lang='lat' dir='ltr'><strong>prodit</strong></span> <span class='ocrx_word' id='word_1_308' title='bbox 431 2280 468 2307; x_wconf 88' lang='lat' dir='ltr'>et</span> <span class='ocrx_word' id='word_1_309' title='bbox 492 2285 564 2307; x_wconf 87' lang='lat' dir='ltr'><strong><em>una</em></strong></span> <span class='ocrx_word' id='word_1_310' title='bbox 588 2281 788 2318; x_wconf 78' lang='lat' dir='ltr'>pernoctat,</span> <span class='ocrx_word' id='word_1_311' title='bbox 813 2276 991 2320; x_wconf 85' lang='lat' dir='ltr'><strong>postridie</strong></span> <span class='ocrx_word' id='word_1_312' title='bbox 1019 2278 1143 2311; x_wconf 85' lang='lat' dir='ltr'>urbem</span> <span class='ocrx_word' id='word_1_313' title='bbox 1167 2277 1240 2310; x_wconf 83' lang='lat' dir='ltr'>illis</span> <span class='ocrx_word' id='word_1_314' title='bbox 1265 2276 1477 2311; x_wconf 79' lang='lat' dir='ltr'><strong>traditurus.</strong></span> <span class='ocrx_word' id='word_1_315' title='bbox 1523 2277 1598 2310; x_wconf 90' lang='lat' dir='ltr'><strong><em>Sub</em></strong></span> <span class='ocrx_word' id='word_1_316' title='bbox 1618 2288 1710 2311; x_wconf 88' lang='lat' dir='ltr'>ean-</span> 
     </span>
     <span class='ocr_line' id='line_1_36' title="bbox 271 2319 1706 2368; baseline 0.003 -16"><span class='ocrx_word' id='word_1_317' title='bbox 271 2319 353 2352; x_wconf 87' lang='lat' dir='ltr'><strong><em>dem</em></strong></span> <span class='ocrx_word' id='word_1_318' title='bbox 377 2326 520 2355; x_wconf 81' lang='lat' dir='ltr'>noctem</span> <span class='ocrx_word' id='word_1_319' title='bbox 547 2322 655 2354; x_wconf 81' lang='lat' dir='ltr'>etiam</span> <span class='ocrx_word' id='word_1_320' title='bbox 679 2323 876 2364; x_wconf 85' lang='lat' dir='ltr'>Bryennius</span> <span class='ocrx_word' id='word_1_321' title='bbox 903 2322 1174 2368; x_wconf 81' lang='lat' dir='ltr'>Philippopolin</span> <span class='ocrx_word' id='word_1_322' title='bbox 1199 2323 1362 2363; x_wconf 85' lang='lat' dir='ltr'>veniens,</span> <span class='ocrx_word' id='word_1_323' title='bbox 1387 2323 1426 2356; x_wconf 89' lang='lat' dir='ltr'><strong><em>in</em></strong></span> <span class='ocrx_word' id='word_1_324' title='bbox 1450 2323 1594 2357; x_wconf 75' lang='lat' dir='ltr'>insidiis</span> <span class='ocrx_word' id='word_1_325' title='bbox 1617 2324 1706 2358; x_wconf 88' lang='lat' dir='ltr'>sub-</span> 
     </span>
     <span class='ocr_line' id='line_1_37' title="bbox 273 2365 1707 2414; baseline 0.003 -16"><span class='ocrx_word' id='word_1_326' title='bbox 273 2365 387 2407; x_wconf 84' lang='lat' dir='ltr'>sedit,</span> <span class='ocrx_word' id='word_1_327' title='bbox 424 2367 484 2400; x_wconf 87' lang='lat' dir='ltr'><strong><em>die</em></strong></span> <span class='ocrx_word' id='word_1_328' title='bbox 517 2367 690 2400; x_wconf 86' lang='lat' dir='ltr'>nimirum</span> <span class='ocrx_word' id='word_1_329' title='bbox 727 2368 960 2402; x_wconf 82' lang='lat' dir='ltr'>illucescente</span> <span class='ocrx_word' id='word_1_330' title='bbox 989 2369 1158 2414; x_wconf 84' lang='lat' dir='ltr'>praedam</span> <span class='ocrx_word' id='word_1_331' title='bbox 1190 2369 1331 2413; x_wconf 84' lang='lat' dir='ltr'>pecoris</span> <span class='ocrx_word' id='word_1_332' title='bbox 1356 2368 1558 2403; x_wconf 79' lang='lat' dir='ltr'>abacturus.</span> <span class='ocrx_word' id='word_1_333' title='bbox 1606 2370 1640 2403; x_wconf 85' lang='lat' dir='ltr'>Is</span> <span class='ocrx_word' id='word_1_334' title='bbox 1664 2375 1707 2404; x_wconf 81' lang='lat' dir='ltr'><strong><em>ut</em></strong></span> 
     </span>
     <span class='ocr_line' id='line_1_38' title="bbox 272 2412 1705 2461; baseline 0.005 -17"><span class='ocrx_word' id='word_1_335' title='bbox 272 2412 419 2446; x_wconf 89' lang='lat' dir='ltr'>Ibanem</span> <span class='ocrx_word' id='word_1_336' title='bbox 444 2424 526 2447; x_wconf 87' lang='lat' dir='ltr'><strong><em>cum</em></strong></span> <span class='ocrx_word' id='word_1_337' title='bbox 550 2413 702 2446; x_wconf 80' lang='lat' dir='ltr'>ducibus</span> <span class='ocrx_word' id='word_1_338' title='bbox 731 2420 767 2448; x_wconf 89' lang='lat' dir='ltr'>et</span> <span class='ocrx_word' id='word_1_339' title='bbox 789 2415 969 2459; x_wconf 85' lang='lat' dir='ltr'>praesidio</span> <span class='ocrx_word' id='word_1_340' title='bbox 996 2415 1042 2448; x_wconf 85' lang='lat' dir='ltr'><strong><em>ad</em></strong></span> <span class='ocrx_word' id='word_1_341' title='bbox 1065 2427 1283 2449; x_wconf 79' lang='lat' dir='ltr'>successores</span> <span class='ocrx_word' id='word_1_342' title='bbox 1311 2414 1544 2459; x_wconf 83' lang='lat' dir='ltr'>excipiendos</span> <span class='ocrx_word' id='word_1_343' title='bbox 1567 2416 1705 2461; x_wconf 86' lang='lat' dir='ltr'>oppido</span> 
     </span>
     <span class='ocr_line' id='line_1_39' title="bbox 272 2459 1706 2505; baseline 0.003 -14"><span class='ocrx_word' id='word_1_344' title='bbox 272 2468 451 2503; x_wconf 80' lang='lat' dir='ltr'>egressum</span> <span class='ocrx_word' id='word_1_345' title='bbox 476 2459 673 2500; x_wconf 83' lang='lat' dir='ltr'>inaudivit,</span> <span class='ocrx_word' id='word_1_346' title='bbox 699 2460 743 2493; x_wconf 85' lang='lat' dir='ltr'><strong><em>ad</em></strong></span> <span class='ocrx_word' id='word_1_347' title='bbox 770 2461 913 2494; x_wconf 84' lang='lat' dir='ltr'>moenia</span> <span class='ocrx_word' id='word_1_348' title='bbox 938 2462 1087 2495; x_wconf 86' lang='lat' dir='ltr'>accedit.</span> <span class='ocrx_word' id='word_1_349' title='bbox 1127 2461 1264 2495; x_wconf 87' lang='lat' dir='ltr'>Urbani</span> <span class='ocrx_word' id='word_1_350' title='bbox 1288 2466 1430 2505; x_wconf 80' lang='lat' dir='ltr'>tempus</span> <span class='ocrx_word' id='word_1_351' title='bbox 1451 2463 1592 2496; x_wconf 80' lang='lat' dir='ltr'>venisse</span> <span class='ocrx_word' id='word_1_352' title='bbox 1621 2463 1706 2505; x_wconf 83' lang='lat' dir='ltr'>rati,</span> 
     </span>
     <span class='ocr_line' id='line_1_40' title="bbox 271 2505 1704 2553; baseline 0.004 -16"><span class='ocrx_word' id='word_1_353' title='bbox 271 2515 344 2550; x_wconf 90' lang='lat' dir='ltr'>quo</span> <span class='ocrx_word' id='word_1_354' title='bbox 370 2505 575 2538; x_wconf 87' lang='lat' dir='ltr'>Moesorum</span> <span class='ocrx_word' id='word_1_355' title='bbox 603 2506 725 2550; x_wconf 85' lang='lat' dir='ltr'>iugum</span> <span class='ocrx_word' id='word_1_356' title='bbox 749 2512 983 2548; x_wconf 79' lang='lat' dir='ltr'>excuterent,</span> <span class='ocrx_word' id='word_1_357' title='bbox 1018 2509 1131 2553; x_wconf 74' lang='lat' dir='ltr'>portis</span> <span class='ocrx_word' id='word_1_358' title='bbox 1156 2508 1316 2548; x_wconf 87' lang='lat' dir='ltr'>reclusis,</span> <span class='ocrx_word' id='word_1_359' title='bbox 1339 2508 1446 2541; x_wconf 84' lang='lat' dir='ltr'>illum</span> <span class='ocrx_word' id='word_1_360' title='bbox 1467 2519 1548 2541; x_wconf 88' lang='lat' dir='ltr'><strong><em>cum</em></strong></span> <span class='ocrx_word' id='word_1_361' title='bbox 1572 2510 1704 2543; x_wconf 80' lang='lat' dir='ltr'>Roma-</span> 
     </span>
     <span class='ocr_line' id='line_1_41' title="bbox 269 2551 1703 2601; baseline 0.004 -18"><span class='ocrx_word' id='word_1_362' title='bbox 269 2551 329 2583; x_wconf 88' lang='lat' dir='ltr'><strong><em>nis</em></strong></span> <span class='ocrx_word' id='word_1_363' title='bbox 352 2551 597 2585; x_wconf 79' lang='lat' dir='ltr'>introducunt.</span> <span class='ocrx_word' id='word_1_364' title='bbox 645 2551 704 2585; x_wconf 91' lang='lat' dir='ltr'><strong><em>Sic</em></strong></span> <span class='ocrx_word' id='word_1_365' title='bbox 730 2553 829 2599; x_wconf 87' lang='lat' dir='ltr'>quod</span> <span class='ocrx_word' id='word_1_366' title='bbox 853 2553 1049 2598; x_wconf 80' lang='lat' dir='ltr'>imperator</span> <span class='ocrx_word' id='word_1_367' title='bbox 1082 2555 1252 2589; x_wconf 73' lang='lat' dir='ltr'>diuturna</span> <span class='ocrx_word' id='word_1_368' title='bbox 1280 2553 1473 2589; x_wconf 83' lang='lat' dir='ltr'>obsidione</span> <span class='ocrx_word' id='word_1_369' title='bbox 1505 2555 1703 2601; x_wconf 80' lang='lat' dir='ltr'>multisque</span> 
     </span>
     <span class='ocr_line' id='line_1_42' title="bbox 271 2596 1703 2646; baseline 0.004 -17"><span class='ocrx_word' id='word_1_370' title='bbox 271 2601 309 2629; x_wconf 76' lang='lat' dir='ltr'>et</span> <span class='ocrx_word' id='word_1_371' title='bbox 326 2596 479 2631; x_wconf 84' lang='lat' dir='ltr'>assiduis</span> <span class='ocrx_word' id='word_1_372' title='bbox 505 2599 834 2643; x_wconf 78' lang='lat' dir='ltr'>oppugnationibus</span> <span class='ocrx_word' id='word_1_373' title='bbox 864 2611 940 2635; x_wconf 87' lang='lat' dir='ltr'>non</span> <span class='ocrx_word' id='word_1_374' title='bbox 963 2601 1107 2646; x_wconf 76' lang='lat' dir='ltr'>potuit,</span> <span class='ocrx_word' id='word_1_375' title='bbox 1146 2601 1186 2635; x_wconf 84' lang='lat' dir='ltr'><strong><em>id</em></strong></span> <span class='ocrx_word' id='word_1_376' title='bbox 1209 2601 1429 2643; x_wconf 84' lang='lat' dir='ltr'>Bryennius,</span> <span class='ocrx_word' id='word_1_377' title='bbox 1461 2601 1540 2634; x_wconf 92' lang='lat' dir='ltr'><strong><em>Deo</em></strong></span> <span class='ocrx_word' id='word_1_378' title='bbox 1576 2602 1703 2646; x_wconf 77' lang='lat' dir='ltr'>opitu-</span> 
     </span>
     <span class='ocr_line' id='line_1_43' title="bbox 268 2640 1702 2693; baseline 0.004 -18"><span class='ocrx_word' id='word_1_379' title='bbox 268 2640 391 2684; x_wconf 87' lang='lat' dir='ltr'>lante,</span> <span class='ocrx_word' id='word_1_380' title='bbox 423 2645 512 2678; x_wconf 79' lang='lat' dir='ltr'>citra</span> <span class='ocrx_word' id='word_1_381' title='bbox 538 2644 698 2678; x_wconf 81' lang='lat' dir='ltr'>laborem</span> <span class='ocrx_word' id='word_1_382' title='bbox 728 2646 1139 2681; x_wconf 80' lang='lat' dir='ltr'>transactum-reddidit</span> <span class='ocrx_word' id='word_1_383' title='bbox 1163 2658 1203 2681; x_wconf 88' lang='lat' dir='ltr'><strong><em>ac</em></strong></span> <span class='ocrx_word' id='word_1_384' title='bbox 1233 2646 1503 2693; x_wconf 88' lang='lat' dir='ltr'>Philippopolin</span> <span class='ocrx_word' id='word_1_385' title='bbox 1534 2648 1702 2681; x_wconf 87' lang='lat' dir='ltr'>Romanis</span> 
     </span>
     <span class='ocr_line' id='line_1_44' title="bbox 271 2689 1700 2741; baseline 0.004 -19"><span class='ocrx_word' id='word_1_386' title='bbox 271 2690 441 2724; x_wconf 77' lang='lat' dir='ltr'>restituit.</span> <span class='ocrx_word' id='word_1_387' title='bbox 489 2689 618 2726; x_wconf 82' lang='lat' dir='ltr'>Ibanes</span> <span class='ocrx_word' id='word_1_388' title='bbox 643 2690 804 2728; x_wconf 67' lang='lat' dir='ltr'>diluculo</span> <span class='ocrx_word' id='word_1_389' title='bbox 833 2692 960 2728; x_wconf 82' lang='lat' dir='ltr'>urbem</span> <span class='ocrx_word' id='word_1_390' title='bbox 989 2699 1131 2740; x_wconf 81' lang='lat' dir='ltr'>captam</span> <span class='ocrx_word' id='word_1_391' title='bbox 1163 2703 1380 2740; x_wconf 86' lang='lat' dir='ltr'>cognoscens</span> <span class='ocrx_word' id='word_1_392' title='bbox 1393 2719 1404 2737; x_wconf 91' lang='lat'>‚</span> <span class='ocrx_word' id='word_1_393' title='bbox 1439 2703 1524 2731; x_wconf 84' lang='lat' dir='ltr'><strong><em>cum</em></strong></span> <span class='ocrx_word' id='word_1_394' title='bbox 1552 2693 1700 2741; x_wconf 79' lang='lat' dir='ltr'>reliquis</span> 
     </span>
    </p>
   </div>
  </div>
 </body>
</html>
