1786 3126
222 120 249 155 2
258 121 290 155 0
675 154 679 159 .
741 112 1086 158 CANTACUZEN
1091 116 1109 154 1

30 218 290 267 A.C.1320u3v
311 216 448 272 λαβών
480 219 552 272 τῆς
572 217 673 271 ἐμῆς
702 214 854 272 χειρὸς,
876 215 932 264 ὥς
963 211 1013 256 ἂν
1039 212 1236 270 πιστεύσῃ
1267 210 1370 267 πρὸς
1402 211 1546 266 λόγους
1574 224 1642 254 σοι

219 286 454 335 συνελθεῖν,
485 276 617 329 ἄλλως
637 279 713 336 γὰρ
750 277 798 322 οὗ
819 277 1065 336 θαῤῥιᾷσειεν
1092 275 1165 331 ἂν,
1197 277 1314 326 ταῦτ’
1345 274 1484 325 ἐπίδος
1514 271 1641 334 anitii.-

116 359 150 392 P.
165 347 291 393 15καί
325 345 604 389 συνελθόντων
644 344 764 396 ὖμῶν
795 344 854 393 εἷς
876 346 919 386 ἓν
961 342 1033 386 καί
1052 342 1394 397 βουλευσαμένων
1434 338 1531 395 περὶ
1554 340 1642 381 Δτῶν

218 412 515 469 προκειμένων,
537 407 638 466 ἅπερ
662 404 712 451 ἂν
731 409 834 462 ὑμῖν
855 409 948 466 δόξῃ
971 410 1160 463 λυσιτελῆ
1182 405 1254 447 καὶ
1273 402 1463 461 ὠφέλιμα
1476 411 1500 458 ,.
1519 404 1640 447 ταῦτ’

218 476 335 519 ἔσται
355 475 632 517 συνδοκοῦντα
654 470 790 528 κᾶμοί.
828 475 1050 526 πέπεισμαι
1082 470 1158 528 γὰρ
1178 468 1379 527 ἆκριβῶς,
1402 469 1472 523 ὥς,
1510 469 1550 520 εἰ
1580 469 1668 525 μὴὅ

218 539 312 588 θεὸς
333 535 393 589 οἷς
418 536 502 582 οἶδε
525 538 692 596 τρόποις
711 537 786 593 τὴν
810 538 929 591 ὑμῶν
959 539 1126 594 σφήλειε
1149 538 1312 591 γνῶσιν,
1345 531 1419 586 οὔκ
1442 530 1493 576 ἂν
1508 532 1643 589 ἁμάρ-

219 620 285 647 τοι
315 605 392 646 τοῦ
415 604 544 645 καλοῦ
581 602 652 646 καὶ
681 604 992 651 λυσιτελοῦντος
1028 600 1098 644 καὶ
1120 597 1356 657 ὠφελίμου,
1389 597 1472 640 καὶ
1491 596 1644 654 ’φρονή-

222 685 326 718 σεως
357 665 488 720 ὀξείας
517 671 634 711 ἕνεκα
665 667 747 710 καὶ
777 667 922 723 πείρας
952 667 1202 723 πραγμάτων
1234 665 1452 706 πολιτικῶν
1471 661 1547 706 καὶ
1571 664 1644 718 τῆς

218 733 315 790 περὶ
336 735 410 787 ἐμὲ
443 733 583 790 φιλίας
615 727 743 789 ἄκρας
775 732 848 774 καί
875 732 1145 788 συναφείας.”
1175 731 1334 772 τούτων
1366 725 1475 771 οὕτω
1497 727 1645 785 ῥηθέν..

219 815 324 851 των,
360 796 410 840 τὰ
431 797 654 854 γράμματα
677 795 815 851 λαβών
845 799 891 840 ἐκ
920 799 1123 851 βασιλέως
1151 795 1172 839 ὅ
1197 795 1446 851 Συργιάννης
1491 791 1696 848 ἓχῶρειιο

218 863 322 919 πρὸς
354 864 541 921 Θρᾴκην·
573 862 676 905 ἔνθα
715 861 766 918 δὴ
797 863 854 920 τῷ
884 863 1043 919 μεγάλῳ
1085 861 1373 916 συγγενόμενος
1392 857 1644 917 ,δομεστάτεῃ

218 926 292 969 καί
320 926 373 969 τά
402 942 446 969 τε
478 927 694 981 συμβάντα
724 926 928 983 γνωρίσας
970 927 1098 984 αὐτῷ,
1140 925 1212 968 καί
1239 925 1292 967 τὰ
1324 925 1400 966 τοῦ
1441 924 1644 978 βασιλέως

191 1008 216 1040 B
226 992 449 1047 γράμματα
482 991 738 1048 ἐγχειρίσας,
771 992 1035 1046 ἐβουλεύοντο
1066 990 1167 1047 ’περὶ
1195 992 1277 1033 τῶν
1307 989 1544 1047 παρόντων,
1574 987 1648 1032 καὶ

218 1055 294 1098 δύο
327 1055 398 1098 καί
423 1052 560 1112 ’τρισὶν
592 1058 738 1113 ἐφεξῆς
769 1057 955 1112 ἡμέραις.
988 1055 1059 1097 καί
1087 1055 1270 1110 ποικίλης
1301 1054 1373 1097 καὶ
1400 1054 1644 1104 πολυειδοῦς

216 1122 289 1175 τῆς
310 1121 461 1175 βουλῆς
481 1123 720 1176 γενομένης,
756 1121 847 1163 ἐπεί
868 1120 964 1177 περὶ
982 1122 1064 1162 τῶν
1084 1121 1290 1174 μεγίστων
1312 1117 1363 1176 ἦν
1384 1119 1405 1162 ὅ
1430 1115 1554 1174 ἆγών·
1575 1116 1646 1161 καί
1652 1121 1697 1173 15
1746 1139 1750 1141 “

216 1186 375 1227 πολλῶν
407 1184 617 1241 ῥηθέντων
638 1188 736 1241 παρ’
757 1183 1017 1242 ἀμφοτέρων,
1047 1184 1138 1228 ἐπεὶ
1158 1184 1230 1226 καί
1259 1185 1496 1241 φρονήσεως
1526 1185 1645 1226 ἕνεκα

218 1250 290 1290 καί
317 1248 460 1304 πείρας
490 1251 759 1305 στρατηγικῆς
782 1256 866 1300 τοῖς
892 1251 1072 1302 μάλιστα
1104 1250 1281 1306 πρώτοις
1310 1251 1393 1291 τῶν
1417 1247 1644 1303 Ῥωμαίων

219 1315 537 1368 συνημιλλῶντο·
560 1315 673 1364 τέλος
696 1313 719 1354 ὅ
740 1315 868 1368 μέγας
890 1316 1126 1367 δομέστικος
1157 1310 1244 1356 εἶπε
1267 1315 1428 1355 τοιάδε·

177 1389 203 1423 c
323 1377 368 1432 γ’.
386 1380 593 1431 „Homine
615 1375 666 1420 ἂν
686 1375 920 1433 ἠλλαξάμην
939 1378 1212 1435 πραγμάτων,
1235 1373 1270 1421 ὦ
1289 1380 1475 1432 βέλτιστε
1497 1377 1644 1437 φίλων,

103 1451 146 1487 V.
166 1437 244 1498 13⁷³)
263 1444 417 1496 μᾶλλον
441 1441 512 1484 καί
530 1443 658 1497 αὐτῆς
679 1445 752 1497 τῆς
775 1445 879 1499 ζωῆς
901 1440 977 1485 οὕκ
998 1441 1133 1498 ὀλίγου
1157 1447 1312 1500 μέρους
1332 1443 1466 1499 τινὸς,
1487 1443 1546 1501 μὴ
1569 1445 1698 1501 τὴναο

222 1506 376 1562 βουλὴν
396 1508 497 1562 ἡμῖν
519 1506 616 1563 περὶ
633 1508 884 1564 πραγμάτων
915 1511 1160 1565 προκεῖσθαι
1179 1508 1400 1563 τοιούτων,
1435 1507 1534 1552 ὥστ’
1553 1506 1646 1563 ’ἆμ-

222 1573 460 1628 φοτέρωθεν
481 1571 592 1627 ἔχειν
613 1570 658 1614 τὸ
681 1572 942 1616 ἐπικίνδυνον
968 1569 1043 1615 οὗκ
1066 1570 1198 1628 ὀλίγον
1210 1608 1222 1628 ,
1245 1570 1356 1625 ὅπως
1378 1571 1430 1618 ἂν
1451 1573 1646 1630 ἀποβαίη.

220 1637 292 1680 ἐπὶ
308 1640 385 1691 μὲν
405 1636 480 1693 γὰρ
515 1639 598 1679 τῶν
620 1632 754 1680 ἄλλων
775 1639 1026 1693 πραγμάτων
1057 1639 1369 1693 βουλευομένοις
1399 1641 1492 1683 ἐστι’
1517 1639 1646 1683 συνά-

218 1717 304 1755 γειν
335 1704 381 1744 ἐκ
402 1702 637 1756 λογισμῶν,
662 1702 761 1758 οἷς,
804 1702 884 1746 ὥδί
914 1705 992 1757 μὲν
1017 1699 1340 1759 ἀπαντησάντων
1348 1737 1363 1758 ,
1393 1704 1646 1760 σχήσεικα-

218 1791 406 1835 epistolam
443 1793 476 1826 ei
511 1793 660 1833 reddes,
700 1804 770 1838 quo
806 1794 878 1827 fide
909 1794 1004 1828 facta
1042 1798 1160 1828 tecum
1191 1793 1461 1840 congrediatur:
1505 1794 1644 1840 alioqui

218 1839 313 1870 enim
332 1839 480 1871 fortasse
501 1851 573 1872 non
593 1839 750 1873 audebit.
800 1840 1053 1885 Quaecumque
1069 1847 1188 1874 autem
1209 1841 1310 1874 vobis
1336 1852 1443 1886 super
1462 1843 1646 1887 praesenti

218 1889 312 1916 statu
339 1896 418 1917 mco
446 1886 733 1919 deliberantibus
759 1887 957 1920 conducere
985 1892 1021 1919 et
1045 1887 1214 1931 expedire
1233 1887 1462 1928 videbuntur,
1489 1898 1532 1920 ea
1553 1886 1645 1921 mihi

219 1940 363 1975 quoque
388 1931 592 1974 placebunt.
643 1933 784 1965 Prorsus
811 1934 905 1965 enim
935 1934 987 1966 ita
1012 1934 1151 1973 sentio,
1185 1935 1257 1966 nisi
1278 1934 1398 1973 Deus,
1436 1933 1542 1966 modo
1571 1944 1644 1978 quo

217 1976 296 2019 ipse
321 1979 442 2016 novit,
470 1977 650 2010 mentibus
675 1980 800 2011 vestris
826 1979 1012 2023 caliginem
1035 1978 1224 2019 offuderit,
1259 1989 1342 2020 vos,
1369 1985 1411 2012 ut
1433 1979 1644 2025 intelligen-

217 2022 270 2053 tia
292 2023 470 2065 pollentes
485 2048 494 2063 ,
526 2024 577 2055 rei
597 2023 762 2066 publicae
779 2036 844 2057 usu
871 2025 1050 2068 praeditos
1073 2024 1235 2069 mihique
1258 2024 1423 2058 omnibus
1447 2027 1646 2059 necessitu-

219 2067 366 2100 dinibus
391 2070 697 2102 coniunctissimos
713 2094 721 2109 ‚
759 2070 803 2102 ab
829 2081 871 2102 eo
897 2071 993 2114 quod
1016 2069 1205 2103 honestum
1221 2095 1229 2110 ‚
1265 2071 1475 2116 frugiferum
1499 2077 1536 2106 et
1559 2083 1644 2105 con-

219 2112 378 2146 ducibile
406 2120 480 2154 est,
505 2126 726 2159 nequaquam
754 2116 978 2149 discessuros.
1014 2116 1078 2148 His
1102 2117 1197 2149 inter
1221 2127 1258 2149 se
1283 2117 1408 2158 dictis,
1434 2117 1645 2163 Syrgiannes

219 2170 298 2191 cum
321 2160 452 2192 litteris
479 2161 518 2192 in
542 2160 725 2203 Thraciam
758 2162 968 2200 discedens,
1012 2172 1069 2194 eas
1095 2162 1338 2197 Cantacuzeno
1364 2163 1506 2205 reddit,
1545 2170 1582 2198 et
1604 2165 1644 2198 in

220 2206 459 2239 collocutione
480 2217 569 2250 quae
589 2207 900 2252 Constantinopoli
919 2207 1113 2240 acciderint
1136 2210 1313 2245 enuntiat.
1341 2209 1516 2254 Triduum
1539 2211 1646 2244 dein-

220 2262 301 2295 ceps
326 2252 365 2284 in
392 2253 689 2286 consultationem
717 2254 940 2298 impendunt.
975 2253 1064 2287 cum
1087 2254 1224 2287 diversa
1247 2261 1284 2288 et
1298 2256 1493 2288 multifaria
1513 2257 1552 2290 in
1565 2268 1643 2290 me-

220 2297 319 2336 dium
345 2298 450 2330 allata
473 2304 610 2340 essent3
635 2299 679 2332 de
700 2301 844 2344 negotio
876 2301 1010 2344 quippe
1029 2301 1067 2332 in
1092 2301 1215 2344 primis
1240 2312 1365 2346 magno
1392 2301 1642 2345 laborabatur-3

221 2348 258 2375 et
281 2349 431 2388 uterque
455 2356 528 2377 non
551 2356 660 2388 pauca
681 2344 849 2378 dixisset:
875 2346 1066 2390 prudentia
1093 2348 1188 2379 enim
1213 2348 1330 2388 civili,
1357 2353 1394 2380 et
1419 2349 1642 2393 experientia

218 2389 366 2423 militari
391 2401 469 2422 cum
492 2390 743 2424 laudatissimis
771 2392 973 2437 quibusque
999 2393 1233 2426 Romanorum
1260 2394 1462 2428 certabant:
1497 2395 1643 2429 tandem

221 2434 483 2469 Cantacuzenus
516 2438 566 2469 sic
591 2438 722 2482 coepit.

312 2483 344 2515 3.
370 2482 500 2516 Multas
522 2494 585 2527 ego
601 2495 675 2524 res,
703 2485 894 2517 amicorum
915 2485 1068 2528 optime,
1098 2484 1156 2517 vel
1178 2485 1298 2529 potius
1325 2486 1437 2529 ipsius
1451 2485 1547 2518 vitae
1566 2496 1641 2519 non

221 2528 381 2572 exiguam
400 2534 534 2572 partem
550 2535 794 2574 praeoptarem
814 2531 990 2571 amittere,
1012 2541 1114 2574 quam
1128 2535 1170 2563 ut
1185 2536 1279 2564 esset
1292 2531 1336 2564 ad
1352 2543 1415 2564 nos
1435 2531 1551 2564 delata
1571 2531 1641 2564 hu-

221 2575 416 2607 iuscemodi
433 2575 646 2608 consultatio
659 2601 668 2615 ‚
692 2576 776 2616 ubi,
804 2578 975 2609 utrumvis
998 2578 1166 2615 evenerit,
1193 2578 1279 2610 citra
1298 2577 1427 2622 grande
1442 2578 1641 2622 periculum

221 2621 364 2653 evenire
382 2631 455 2654 non
471 2627 599 2665 potest.
626 2621 699 2666 Qui
716 2622 760 2655 de
774 2622 853 2655 aliis
866 2622 970 2655 rebus
989 2623 1027 2655 in
1048 2623 1236 2655 consilium
1251 2624 1413 2665 veniunt,
1429 2624 1475 2656 iis
1494 2625 1639 2657 ratioci-

220 2666 338 2701 nando
354 2667 441 2701 licet
452 2667 676 2711 concludere,
697 2669 761 2703 tali
774 2668 879 2702 modo
903 2668 1008 2702 rebus
1027 2669 1208 2711 euntibus,
1231 2669 1335 2714 bene3
1354 2670 1438 2711 alio,
1452 2670 1542 2704 male
1562 2681 1640 2704 om-
