1820 3164
279 93 308 148 5
323 93 388 148 16
811 106 1176 151 CANTAcquNJ

84 219 271 266 A.C.1339
281 213 431 268 ἀνόητα
459 210 803 262 ἐνθυμουμένους,
828 210 927 261 παρ’
955 207 1063 261 ἡμᾶς
1091 208 1137 248 δὲ
1161 203 1287 262 ἥκειν,
1315 205 1385 256 οὓς
1401 209 1596 262 κέκρικας,
1613 207 1702 269 τῶν,

244 273 417 323 ου’ἶλλων
432 278 590 329 μᾶλλον
607 275 909 327 πιστοτέρους.”
935 271 957 314 ὅ
985 273 1038 327 δ’,
1065 273 1104 314 εἶ
1122 271 1181 328 μὴ
1209 274 1383 329 πρῶτος,
1409 271 1603 329 ἔφασκεν,
1618 272 1699 316 αὕ-

274 341 346 391 τὸς
376 343 523 396 ἀφῖκτο
561 335 666 391 μετά
707 335 803 385 τοὺς
830 339 920 379 ἐκεῖ
943 337 1142 393 ῥηθέντας
1170 335 1341 390 λόγους,
1387 335 1438 379 οὗ
1475 338 1704 380 πιστεῦσαι

275 403 328 448 ἂν
357 403 507 463 ῥᾳδίως
532 404 589 459 μή
618 419 708 445 τινα
735 403 817 443 τῶν
844 400 976 456 λόγων
1003 400 1171 443 ἐκείνων
1200 395 1368 456 ἄγγελον
1396 405 1545 446 ἐλθεῖν.
1601 402 1698 444 τού-

276 486 359 512 των
399 467 476 525 γάρ
515 465 654 510 αὐτῶν
694 466 794 522 ἡμῖν
820 466 924 523 πρὸς
966 465 1164 522 ἀλλήλους
1193 467 1431 521 εἰρημένων,
1457 465 1721 517 καταλιπώνὸ

273 531 446 586 αὗτοῦς,
492 530 577 588 ἥκω
617 531 731 589 παρὰ
772 533 839 574 σέ·
894 528 1024 581 αὖτὸς
1060 533 1100 573 ‹5’
1128 525 1178 573 ἂν
1214 530 1363 587 εἰδείης
1396 529 1476 586 ὁ’,τι
1500 532 1698 589 πράττειν

272 600 436 654 βέλτιον
462 599 556 652 ἐμὲ,
613 597 683 639 καί
705 593 731 653 ἢ
760 596 860 653 πρὸς
886 600 1061 651 βασιλέα
1088 594 1200 652 ἥκειν
1226 593 1314 650 ἅμα
1343 596 1430 651 σοι’,
1463 593 1491 654 ἢ
1515 599 1698 646 &nawa

271 666 432 718 μένειν,
462 659 583 719 ἄχρις
609 658 662 705 ἂν
690 662 818 713 αὐτὸς
845 663 1023 720 κελεύῃς.
1079 661 1157 718 ἐγώ
1185 661 1264 718 γὰρ
1279 695 1292 715 ,
1319 657 1366 706 εὖ
1394 662 1511 717 ἴσθι,
1537 665 1708 717 βασιλεῖ’

271 731 360 783 μὲν,
378 725 450 770 οῦκ
478 724 531 771 οἷν
556 743 652 770 ποτε
684 728 1011 785 προσεχώρησα,
1053 725 1155 782 ἀλλ’,
1197 725 1295 785 ὅπερ
1328 728 1432 785 ἔφην
1457 728 1563 785 πρός
1588 729 1695 771 ἐκεῖ·

273 809 359 847 νον,
382 796 539 847 μᾶλλον
566 790 616 836 ἂν
636 794 860 836 ἀποθανεῖν
889 793 1079 849 εἱλόμην,
1115 790 1143 850 ἢ
1166 794 1302 852 ἐκείνῳ
1325 794 1561 851 ὑποχείριος
1583 796 1752 848 γενέ-ιο.

275 862 402 901 σθαι·
437 861 506 914 τῆς
536 860 609 913 σῆς
633 860 678 902 δὲ
706 857 848 914 φιλίας
877 858 1084 914 ἡττῆσθαι
1111 857 1224 915 παρὰ
1244 858 1350 902 πολὺ
1379 858 1588 914 ὄμολογῶ,
1626 860 1701 902 καὶ

135 927 177 964 V.
191 929 251 965 251
273 923 420 965 τούτου
447 939 493 978 γε
528 925 647 966 ἕνεκα
683 921 864 977 ἐμαυτόν
892 940 938 966 τε
965 924 1036 966 καί
1066 927 1234 975 πολίτας
1264 926 1579 982 έγκεχειρικέναι
1598 922 1698 972 τοὺς

227 997 259 1031 Ι)
274 987 410 1042 ἐμοὺς,
436 986 541 1031 ὥσθ)
569 985 596 1030 ἅ
619 1005 683 1031 σοι
702 987 804 1031 κατὰ
829 987 1007 1044 γνώμην,
1036 992 1184 1040 ἐξεῖναι
1209 989 1404 1046 πράττειν
1431 988 1529 1047 περὶ
1547 987 1697 1044 ἧμᾶς”.

267 1054 315 1096 ‘0
339 1056 467 1108 μέγας
495 1055 541 1096 δὲ
574 1055 809 1107 δομέστικος
837 1054 990 1109 πολλὴν
1020 1055 1133 1113 αὐτῷ
1162 1056 1236 1111 τῆς
1274 1057 1334 1105 εἷς
1373 1053 1498 1098 αὖτὸν
1533 1053 1698 1102 εὐνοίας

271 1116 399 1174 χάριν
420 1118 684 1174 ὁμολογήσας,
713 1120 772 1168 εἷς
798 1118 939 1173 Ῥωγιό
968 1120 1151 1163 ἐκέλευεν
1185 1115 1312 1170 αὖθις
1340 1122 1514 1174 ἐπιέναι,
1543 1119 1602 1169 ὥς
1621 1117 1749 1176 τηνιό

273 1183 494 1239 ὑστεραίαν
531 1181 660 1227 αὖτοῢ
687 1183 793 1238 μετὰ
835 1186 917 1227 τῶν
965 1187 1189 1239 βασιλικῶν
1237 1186 1488 1243 ἀφιξομένου
1530 1186 1698 1242 δωρεῶν

273 1247 346 1291 καὶ
375 1248 502 1291 αὐτόν
542 1265 587 1290 τε
624 1252 696 1292 καί
732 1249 827 1299 τοὺς
856 1246 1011 1300 ἄλλους
1050 1253 1420 1307 παραληψομένου.
1476 1249 1498 1293 ὃ
1536 1251 1583 1293 δὲ
1608 1265 1697 1295 πει-

272 1316 390 1363 aasz}
422 1310 547 1363 αὖθις
574 1315 802 1369 ἐπανῆλθεν
829 1317 888 1365 εἷς
920 1316 1068 1370 ζΡωγιό
1088 1347 1100 1358 .
1159 1318 1318 1359 ἐκεῖθεν
1345 1317 1391 1359 δὲ
1414 1316 1438 1359 ὅ
1469 1318 1599 1370 μέγας
1628 1317 1702 1359 do-

271 1381 463 1432 μέστικος
487 1381 546 1429 εἷς
577 1381 750 1432 βασιλέα
767 1378 916 1431 ,ἐλθών
941 1380 1015 1422 καί
1034 1380 1131 1437 περὶ
1158 1381 1383 1435 Καβασίλα
1412 1382 1485 1423 καί
1509 1379 1697 1434 ‘Pwyoz't'c

272 1441 328 1493 ὥς
362 1443 685 1499 προσεχώρησαν
725 1441 993 1498 ἀπαγγείλας,
1041 1447 1278 1501 ἑπιτραπείς
1315 1462 1360 1489 τε
1399 1449 1500 1502 παρ’
1537 1445 1748 1489 έκείνουαο

272 1505 350 1550 ὅσα
383 1506 434 1550 ἂν
463 1504 493 1565 ᾗ
536 1509 676 1551 δίκαια
707 1510 779 1550 καί
814 1511 1082 1566 συμφέροντα
1128 1510 1314 1561 εὕποιΐας
1347 1512 1463 1552 ἕνεκα
1493 1507 1693 1566 πράσσειν

271 1572 377 1629 πρὸς
401 1570 567 1626 αὖτοὺς,
605 1575 664 1622 εἰς
694 1573 767 1630 τὴν
792 1574 1019 1631 ὑστεραίαν
1045 1572 1171 1625 αὖθις
1193 1577 1251 1626 εἰς
1270 1573 1408 1630 Ῥωγώ
1434 1575 1580 1628 ἐλθών,
1610 1575 1695 1616 εἰσ-,-

273 1640 427 1693 εδέχθη
470 1654 514 1680 τε
549 1637 663 1694 παρὰ
700 1640 783 1681 τῶν
818 1640 1008 1707 εΡωγίρφν
1033 1640 1107 1696 τήν
1134 1641 1249 1683 πόλιν
1277 1639 1571 1696 παραδόντων,
1626 1640 1697 1681 καί

273 1699 396 1752 αὖτὸς
420 1701 578 1762 ἑκάστῳ
605 1706 696 1746 κατ’
719 1700 840 1754 ἆξίαν
858 1702 931 1754 τὰς
958 1703 1162 1759 βασιλέως
1182 1709 1413 1762 παρέσχετο
1437 1701 1692 1762 εὖεργεσίας·

299 1831 383 1853 uere
414 1824 451 1853 et
486 1819 531 1853 ad
553 1831 639 1861 nos,
668 1832 755 1867 quos
781 1821 861 1854 aliis
888 1821 1067 1855 fideliores
1091 1821 1292 1862 iudicasti,v
1305 1820 1483 1857 advenire.
1531 1823 1693 1868 Respon-

272 1831 327 1898 dit
351 1866 555 1907 Cabasilas,
579 1868 651 1900 nisi
677 1869 811 1912 primus
839 1869 916 1912 ipse
939 1875 1022 1913 post
1056 1880 1233 1902 sermones
1267 1868 1379 1914 Rhegi
1410 1868 1551 1903 habitos
1586 1868 1695 1903 adve-

270 1912 401 1953 nisset,
438 1912 589 1946 difficile
626 1913 842 1947 crediturum
876 1914 1004 1955 fuisse,
1039 1916 1220 1948 neminem
1253 1926 1311 1948 eos
1350 1914 1486 1948 ibidem
1517 1916 1693 1949 dictorum

270 1959 439 1991 nuntium
464 1961 649 2004 accepisse.
698 1960 760 1992 His
786 1962 881 1993 enim
909 1961 994 2004 ipsis
1019 1961 1112 1994 inter
1135 1973 1198 1996 nos
1222 1962 1392 2006 prolatis,
1423 1961 1565 2008 inquit,
1602 1961 1692 1994 reli-

273 2004 338 2037 ctis
362 2005 449 2045 illis,
476 2006 521 2038 ad
546 2011 581 2039 te
607 2006 745 2039 advolo.
794 2007 849 2039 Tu
876 2007 1014 2040 noveris
1039 2006 1127 2052 quid
1150 2019 1206 2041 me
1230 2008 1347 2040 facere
1378 2009 1504 2041 melius
1540 2007 1608 2040 sit:
1637 2012 1692 2040 te-

270 2061 396 2084 cumne
422 2050 466 2083 ad
490 2053 737 2096 imperatorem
760 2052 976 2096 progrediar,
1009 2065 1054 2086 an
1080 2053 1161 2093 hic,
1189 2053 1359 2099 quamdiu
1386 2054 1541 2094 iusseris,
1569 2051 1692 2086 subsi-

272 2097 387 2130 stam?
423 2098 503 2142 ⁴Ego
531 2100 643 2138 enim,
667 2100 754 2131 scias
779 2099 911 2138 velim,
939 2111 1120 2144 nunquam
1144 2101 1349 2144 imperatori
1372 2111 1429 2134 me
1452 2099 1691 2134 dedidissem:

271 2141 335 2175 sed
360 2143 655 2188 quemadmodum
682 2145 738 2176 illi
773 2144 952 2187 dixeram,
982 2146 1073 2179 mori
1107 2158 1214 2192 quam
1251 2147 1285 2179 ei
1311 2146 1442 2179 subiici
1475 2145 1689 2178 maluissem.

271 2189 314 2220 In
335 2199 451 2222 amore
473 2196 592 2223 autem
614 2190 670 2222 tui
691 2202 831 2235 prorsus
875 2202 931 2224 me
956 2198 1193 2236 expugnatum
1228 2192 1400 2226 confiteor
1432 2197 1691 2237 proptereaque

270 2245 328 2267 me
350 2236 468 2279 ipsum
492 2247 570 2268 cum
592 2236 727 2270 civibus
749 2237 957 2279 tradidisse,
980 2242 1021 2270 ut
1045 2239 1223 2283 integrum
1244 2238 1313 2271 tibi
1339 2240 1404 2282 sit,⁴
1423 2237 1466 2271 de
1490 2237 1594 2271 nobis
1618 2243 1692 2270 sta-

270 2285 372 2315 tuere
395 2281 492 2327 quod
513 2282 622 2314 voles.
660 2282 807 2326 Magnus
832 2282 1057 2324 domesticus,
1083 2290 1154 2317 tam
1179 2284 1375 2318 benevolae
1397 2284 1575 2318 voluntati
1599 2283 1689 2317 actis

271 2328 391 2371 gratiis
415 2326 643 2372 ingentibus,
669 2328 826 2372 Rhogum
852 2329 1052 2363 Cabasilam
1075 2331 1246 2373 remittit;
1273 2341 1310 2364 se
1332 2330 1485 2363 crastina
1507 2330 1586 2363 luce
1609 2341 1690 2363 cum

271 2372 375 2407 donis
407 2373 584 2418 regalibus
623 2379 811 2407 venturum
846 2375 1034 2422 ipsumque
1072 2380 1109 2409 et
1140 2382 1274 2409 ceteros
1308 2387 1371 2421 pro
1408 2376 1617 2419 imperatore
1648 2378 1689 2410 in

269 2425 484 2464 potestatem
509 2425 748 2464 accepturum.
796 2420 883 2454 Inde
914 2421 959 2453 ad
990 2422 1238 2466 imperatorem
1269 2422 1408 2463 tendit,
1445 2421 1489 2455 de
1524 2422 1688 2456 Cabasila

271 2471 310 2499 et
341 2464 473 2510 Rhogo,
507 2465 800 2511 quemadmodum
826 2478 863 2499 se
894 2466 1151 2509 tradidissent,
1196 2473 1445 2501 commemorat
1489 2473 1688 2514 nactusque

271 2513 522 2546 auctoritatem
549 2522 790 2557 quaecumque
813 2513 907 2546 iusta
932 2518 969 2546 et
992 2514 1174 2547 commoda
1204 2513 1350 2547 duceret
1377 2515 1418 2547 in
1440 2513 1522 2548 illos
1545 2514 1688 2547 henefi-

270 2558 409 2591 centiae
434 2568 538 2591 causa
568 2557 794 2600 conferendi,
828 2558 886 2591 die
917 2561 1082 2604 sequenti
1106 2559 1265 2604 Rhogum
1295 2560 1392 2594 init:
1428 2570 1533 2605 quem
1559 2558 1687 2605 Rhogii

268 2603 360 2637 urbe
395 2603 527 2637 tradita
562 2604 765 2649 accipiunt:
803 2605 879 2649 ipse
918 2606 1011 2639 dona
1044 2606 1288 2651 imperatoris,
1312 2611 1354 2639 ut
1373 2616 1516 2651 quoque
1539 2605 1686 2651 dignum

271 2653 368 2693 erat,
401 2648 606 2693 distribuit,
638 2650 897 2696 assumfflque,
929 2663 1079 2697 quorum
1106 2652 1201 2687 inter
1235 2662 1295 2687 eos
1326 2651 1519 2698 praecipua
1544 2651 1685 2698 vigebat
