1832 3132
306 67 414 125 288
834 79 1204 126 CANTACUZENI

107 198 148 231 Α.
162 196 371 233 0132811810
405 180 573 238 [erepcmc¹
596 180 698 236 πρός
722 185 808 229 τοῖς
835 176 975 234 οὖσιν,
1012 177 1122 232 ὅπως
1150 180 1303 226 πλείων
1327 179 1507 236 γίγνοιτο
1535 181 1562 238 ἧ
1590 192 1715 239 apud

296 246 378 289 τιά.
405 248 451 288 ἐν
475 244 638 294 τούτοις
658 246 704 286 δὲ
729 242 860 286 αὐτοῦ
882 245 1188 299 ἀσχολουμένου
1200 280 1213 300 ,
1242 245 1368 289 πάλιν
1394 243 1466 302 ἧκε
1488 246 1716 302 γράμματα

263 313 346 357 Βὲκ
371 309 723 366 πρωτοστράτορος
740 310 971 364 μηνύοντα,
999 310 1056 359 ὥς
1080 311 1104 351 ὅ
1130 309 1402 369 πρεσβύτερος
1436 310 1631 366 βασιλεὺς
1656 309 1716 368 τῷ

299 377 381 416 τῶν
395 375 562 415 Μυσῶν
586 377 754 428 βασιλεῖ’
771 374 958 428 Μιχαὴλι
972 373 1172 430 διάφορος
1195 375 1396 432 πρότερον
1417 372 1488 428 ὢν,
1520 376 1595 418 νῦν
1613 372 1717 430 πρὸς

299 437 428 481 αὐτὸν
447 440 607 480 τίθεται
629 437 832 494 εἰρηνικὰς
853 438 1032 488 σπονδὰς
1053 439 1125 481 καὶ
1144 441 1401 494 συμμαχίαν·
1429 436 1588 494 ἀγνοεῖν
1616 439 1740 492 μέν-5

298 518 363 546 τοι
388 501 461 552 τὰς
483 501 706 557 ξυμβάσεις
725 506 794 559 ἐφ’
821 498 881 552 οἷς
903 506 1084 557 γίνονται
1108 503 1268 556 αὐτοῖς,
1296 503 1369 546 καὶ
1387 503 1457 546 διὰ
1477 506 1599 547 τοῦτο
1626 505 1716 547 δέον

298 570 517 622 ἐγνωκέναι
554 565 626 623 τήν
648 570 827 622 μήνυσιν
861 569 975 627 αὖτῷ
1006 568 1266 625 ποιήσασθαι
1301 569 1381 611 τῶν
1411 567 1718 625 πραττομένων.

297 631 491 688 βασιλεὺς
524 634 562 674 δ’
590 635 682 675 ἐπεί
701 634 900 686 ἐπύθετο,
937 636 1087 688 συνῆκε
1113 634 1191 687 μὲν
1221 634 1297 674 τοῦ
1320 631 1427 689 πρὸς·
1447 631 1578 677 αὐτὸν
1601 634 1719 676 ἕνεκα

298 699 477 751 πολέμου
501 696 575 752 τὴν
601 700 844 751 συμμαχίαν
867 699 924 754 τῷ
950 698 1100 755 πάππῳ
1126 698 1372 752 γεγενῆσθαι
1407 695 1508 754 πρὸς
1525 696 1719 751 Μυσοὺς,

298 762 401 818 ἔγνω
436 765 482 805 δὲ
512 761 570 818 μὴ
593 765 638 804 ἐκ
665 761 832 818 πρώτης
868 763 992 818 ἀκοῆς
1020 765 1065 805 ἐκ
1091 764 1163 817 τῆς
1192 759 1368 818 ἑσπέρας
1393 762 1772 814 ἅπανιῦτασθαιμο

299 827 406 870 οἷλλὰ
427 830 569 881 μένειν
586 844 632 869 τε
653 826 715 869 ἔτι
737 829 809 869 καί
825 829 907 870 τῶν
933 827 1187 884 πραγμάτων
1210 825 1282 868 καί
1309 829 1381 882 τῆς
1402 824 1599 882 στρατιᾶς
1619 826 1718 882 πρό-

299 907 416 934 νοιαν
439 895 672 945 ποιεῖσθαι,
712 887 834 947 ἄχρις
857 887 908 934 ἄν
938 907 978 933 τι
1009 890 1277 947 βεβαιότερον
1309 892 1506 947 διδαχθῇ.
1543 890 1720 946 ’ἡμέραις

258 970 284 1003 c
302 958 348 998 δὲ
370 954 543 1013 ὕστερον
557 953 712 1011 ὄλίγαις
733 957 858 999 πάλιν
881 958 927 998 ἐκ
953 957 1312 1012 πρωτοστράτορος
1332 955 1568 1011 ἀφικνεῖται
1584 954 1720 1011 γράμ-

166 1029 207 1064 V.
227 1030 288 1075 ¹42
300 1038 414 1075 ματα
440 1021 544 1077 πρὸς
565 1023 739 1075 βασιλέα
760 1020 993 1077 μηνύοντα,
1022 1019 1077 1071 ὥς
1102 1020 1146 1062 αἱ
1179 1019 1283 1077 πρὸς
1305 1017 1486 1069 Μυσοΰς
1515 1021 1719 1073 βασιλέως

296 1088 476 1128 σπονδαί
496 1085 569 1127 καί
588 1086 614 1141 ἡ
639 1085 860 1140 συμμαχία
882 1088 1010 1142 πέρας
1042 1080 1121 1141 ἤδη
1141 1084 1286 1140 ἔσχον,
1322 1084 1396 1127 καὶ
1430 1083 1470 1127 οἱ
1498 1082 1789 1142 πριιίξαντειςιόχ

296 1148 374 1205 τὴν
398 1152 645 1204 συμμαχίαν
672 1153 717 1192 ἐκ
737 1153 820 1192 τῶν
854 1149 958 1206 πρὸς
979 1149 1160 1199 Μυσούς
1185 1147 1426 1203 αὐτομόλων
1440 1147 1648 1202 “Ρωμαῖοι
1675 1149 1720 1190 ἐν

297 1214 515 1272 Βυζαντίῳ
535 1214 638 1257 εἰσίν
667 1213 741 1256 ἔτι.
783 1215 1101 1272 βουλευσαμένῳ
1132 1216 1177 1257 δὲ
1209 1214 1317 1268 μετὰ
1348 1216 1430 1256 τῶν
1461 1216 1507 1256 ἐν
1531 1214 1639 1256 τέλει
1664 1214 1722 1272 τῷ

297 1283 467 1333 βασιλεῖ
483 1276 616 1321 οὐκέτι
638 1281 870 1332 διαμέλλειν
891 1279 1021 1321 ἐδόκει
1041 1281 1086 1321 ἐν
1103 1280 1395 1335 Θεσσαλονίκῃ,
1419 1276 1524 1320 α’λλά
1544 1276 1721 1331 τάχιστα

297 1344 358 1392 εἷς
377 1343 612 1395 Βυζάντιον
632 1343 811 1396 ἀπιέναι,
836 1346 934 1400 πρίν
964 1360 1005 1386 τι
1031 1346 1294 1401 νεωτερισθῇ.
1324 1344 1397 1386 καὶ
1436 1345 1509 1398 τῆς
1545 1341 1721 1398 ἑσπέρας

297 1405 525 1464 στρατηγὸν
555 1407 720 1464 Συργὴν
742 1410 809 1451 ντὲ
830 1408 1012 1459 Λεζιάνο
1042 1407 1112 1450 τὸν
1141 1406 1358 1464 Κύπριον,
1383 1405 1426 1457 ὃς
1450 1405 1621 1463 ὕστερον
1645 1406 1775 1463 ῥῆξαο

387 1519 442 1542 20.
460 1507 511 1540 Ex
534 1508 669 1542 Graeco
689 1507 1028 1554 Συργηντελεζιοένο
1048 1509 1134 1542 satis
1158 1508 1354 1542 infeliciter
1375 1506 1500 1541 eduxit
1512 1517 1614 1540 suum
1631 1507 1719 1549 Syr-

385 1554 598 1599 gentianum
629 1556 817 1600 Interpres.
866 1556 1026 1588 Restituo
1051 1555 1204 1588 fidenter
1225 1551 1307 1599 Σύρ
1335 1553 1407 1586 rvi*
1428 1553 1488 1586 ντὲ
1510 1550 1694 1591 Λεζινάνο
1706 1576 1719 1592 ,

386 1599 428 1633 id
460 1605 515 1632 est
550 1601 629 1634 Sire
668 1602 747 1644 Gay
772 1600 815 1634 de
852 1601 1052 1645 Lezignem.
1102 1601 1227 1634 Cetera
1253 1600 1368 1633 dicam
1400 1599 1439 1632 in
1460 1597 1566 1632 notis!
1580 1598 1718 1632 vED-P.

389 1644 497 1689 Quod
518 1656 581 1690 ego
616 1646 692 1678 sine
723 1647 797 1678 ulla
821 1646 895 1678 fere
911 1647 1108 1679 litterarum
1133 1646 1331 1679 mutatione
1351 1644 1456 1685 dedi,
1482 1643 1722 1677 Cantacuzeni

389 1691 599 1723 auctoritate
621 1691 762 1724 nititur.
810 1692 843 1723 Is
871 1693 966 1724 enim
984 1691 1078 1724 Libr.
1093 1692 1154 1726 ΙΙΙ.
1182 1691 1384 1724 Guidonem
1407 1691 1517 1723 istum
1533 1689 1720 1734 Cyprium,

390 1745 497 1779 quem
520 1735 579 1768 hic
603 1736 812 1769 delitescere
837 1742 940 1770 acute
960 1738 1071 1769 sensit
1094 1738 1149 1769 vir
1169 1736 1314 1776 doctus,
1337 1733 1494 1780 Συργὴν
1514 1740 1718 1768 constanter

389 1781 556 1823 appellat.
604 1782 749 1815 Scilicet
775 1792 844 1815 vox
870 1775 979 1825 Σὺρ,
1014 1787 1055 1813 ut
1082 1781 1120 1814 in
1152 1782 1297 1814 nomine
1323 1791 1466 1825 quoque
1498 1780 1720 1826 Syrgianm’s

389 1827 503 1858 nostri
527 1827 658 1859 factum
677 1834 742 1868 est,
770 1828 905 1860 coaluit
925 1838 1001 1859 cum
1023 1828 1100 1871 ipso
1119 1826 1275 1859 hominis
1289 1827 1446 1866 nomine,
1471 1837 1491 1858 a
1509 1826 1652 1859 Graecis
1674 1836 1720 1858 ex

391 1871 528 1904 Gallico
558 1873 629 1906 Gui
660 1878 836 1917 corrupto.
887 1872 1110 1918 Nicephorus
1127 1872 1165 1906 L.
1177 1872 1250 1909 ΧΠ.
1268 1883 1296 1905 c.
1323 1872 1374 1908 15.
1401 1869 1428 1906 i.
1452 1871 1606 1906 eundem
1627 1871 1720 1905 Gui-

391 1916 522 1950 donem
536 1918 746 1962 simpliciter
767 1915 847 1964 Γῆμ
864 1923 975 1952 vocat.

301 2017 470 2040 censuum
499 2006 720 2039 incremento
753 2006 798 2039 ad
832 2004 968 2039 bellum
996 2017 1061 2051 pro
1099 2017 1136 2039 se
1168 1993 1389 2039 confirmavit
1413 2005 1720 2052 animosioresque

301 2052 470 2086 reddidit.
518 2053 597 2096 Ipse
619 2063 703 2085 vero
733 2051 1008 2086 Thessalonicae
1031 2052 1304 2085 ratiocinatores
1329 2057 1366 2085 et
1391 2051 1524 2085 scribas
1546 2052 1720 2092 instituit,

301 2109 366 2143 per
390 2109 478 2144 quos
502 2098 722 2132 occidentem
747 2097 932 2143 digerebat
956 2103 992 2132 et
1015 2098 1264 2144 adaequabat:
1292 2097 1377 2131 item
1399 2097 1541 2143 praeter
1563 2108 1635 2138 eos,
1657 2098 1721 2143 qui

304 2149 429 2183 erant,
463 2144 550 2176 alios
583 2144 759 2188 catalogos
796 2144 923 2178 confici
952 2145 1077 2184 iussit,
1114 2150 1155 2177 ut
1178 2149 1350 2177 cresceret
1373 2146 1558 2177 exercitus.
1606 2144 1656 2176 Eo
1682 2144 1721 2177 in

303 2188 360 2222 his
383 2195 565 2229 versante,
592 2201 731 2222 rursum
758 2201 778 2221 a
803 2195 1076 2234 protrostratore
1101 2190 1260 2229 litterae,
1285 2188 1508 2230 indicantes,
1542 2189 1719 2225 seniorem

303 2235 575 2279 imperatorem,
614 2246 633 2267 a
667 2234 841 2269 Michaele
882 2235 1083 2269 Moesorum
1117 2247 1198 2280 rege
1223 2236 1320 2280 prius
1346 2234 1597 2275 dissidentem,
1623 2245 1720 2267 nunc

307 2292 385 2314 cum
410 2291 452 2313 eo
476 2282 573 2325 pacis
598 2280 722 2314 foedus
749 2287 785 2314 et
807 2282 896 2314 belli
924 2283 1131 2315 societatem
1155 2282 1326 2314 coivisse:
1360 2281 1487 2314 nesciri
1514 2286 1646 2320 tamen,
1671 2279 1719 2312 ob

307 2337 412 2372 quem
436 2326 566 2359 finem:
591 2332 627 2359 et
651 2326 782 2360 idcirco
805 2327 874 2360 hoc
897 2326 942 2359 ad
973 2339 1054 2360 eum
1077 2326 1367 2372 perscribendum
1399 2327 1591 2359 censuisse.
1646 2325 1720 2358 Ne-

305 2382 370 2415 pos
398 2382 501 2404 avum
526 2383 604 2405 cum
635 2373 757 2405 Moeso
792 2378 938 2417 propter
968 2373 1103 2406 bellum
1128 2373 1293 2407 adversus
1318 2383 1355 2405 se
1381 2373 1588 2405 societatem
1614 2371 1719 2403 istam

305 2418 483 2463 pepigisse
515 2418 778 2451 animadvertit:
826 2420 953 2451 statuit
983 2424 1124 2459 autem,
1166 2430 1239 2451 non
1263 2418 1382 2451 subito
1407 2418 1453 2451 ad
1476 2419 1625 2462 primam
1654 2428 1719 2449 au-

307 2462 482 2497 ditionem
501 2463 748 2496 abducendum
766 2474 810 2496 ex
829 2465 1014 2498 occidente
1033 2465 1226 2498 exercitum
1239 2489 1248 2505 ,
1273 2463 1337 2497 sed
1359 2462 1577 2497 haerendum
1602 2461 1719 2495 adhuc

306 2509 363 2541 illi
392 2521 436 2542 ue
473 2515 510 2543 et
542 2509 647 2542 rebus
681 2510 761 2542 aliis
797 2510 1076 2554 providendum,
1124 2509 1239 2543 donec
1271 2510 1422 2542 certiora
1457 2510 1716 2542 nuntiarentur.

306 2555 375 2588 Die
404 2567 443 2588 us
467 2556 608 2601 aliquot
630 2555 852 2599 praeteritis,
879 2557 1020 2601 scripsit
1054 2561 1307 2601 protostrator,
1338 2555 1464 2588 foedus
1494 2554 1718 2598 imperatoris

308 2605 347 2633 et
371 2602 578 2635 societatem
600 2612 682 2633 cum
708 2601 838 2635 Moesis
872 2603 943 2635 iam
981 2605 1233 2642 constitutam,
1268 2602 1416 2647 eiusque
1448 2601 1718 2640 conciliatores,

307 2646 482 2682 Romanos
512 2657 556 2681 ex
578 2646 769 2692 transfugis
803 2646 848 2681 ad
871 2647 1013 2684 Moesos
1044 2647 1161 2683 adhuc
1182 2647 1346 2693 Byzantii
1369 2646 1507 2692 degere.
1556 2645 1726 2692 Impera&
