1832 3132
329 109 437 165 338
858 118 1227 162 CANrAcqum

130 233 313 269 A.C.1328
323 242 440 278 τινος,
477 226 530 266 δι’
557 219 708 263 ἑαυτοῦ
735 221 810 262 τοῦ
836 218 1017 275 μεγάλου
1048 219 1288 274 δομεστίκου
1317 218 1749 268 ἐπιστατοῦντοςδέει

321 292 396 333 τοῦ
424 288 482 343 μή
510 304 552 328 τι
576 288 658 329 τῶν
685 284 742 342 μῆ
771 282 1056 342 προσηκόντων
1081 287 1274 339 γενέσθαι
1311 279 1340 340 ἢ
1375 284 1445 327 διὰ
1475 281 1698 342 ῥᾳθυμίαν·
1715 280 1745 339 ἢ

189 362 223 394 Ρ.
237 361 305 396 208
319 353 386 396 διὰ
415 350 636 394 κακόνοιαν
661 352 744 392 τῶν
772 349 1150 406 ἐπιτετραμμὲνων,
1193 348 1266 390 καὶ
1304 349 1353 391 οὗ
1380 347 1528 406 μικρόν
1549 364 1643 391 τινα
1670 348 1744 390 διὰ

313 419 441 461 ταῦτα
471 415 542 458 τὸν
568 413 692 458 πόνον
719 414 1020 471 ὑφισταμένου,
1050 410 1163 466 ὅμως
1193 413 1420 468 ἀναγκαίαν
1446 413 1521 470 τὴν
1543 411 1744 469 πρόνοιαν

312 484 384 524 καί
409 479 483 536 τὴν
510 478 581 522 ἐπὶ
603 481 703 521 πᾶσι
732 478 934 535 φροντίδα
962 480 1221 533 λογιζομένου
1251 476 1322 519 καὶ
1347 479 1542 535 φέροντος
1567 475 1640 520 τὸν
1666 476 1766 527 κοί-5

309 561 440 600 ματον
475 547 593 601 σιγῇ,
641 542 735 586 τότε
779 545 823 586 δὲ
850 545 933 586 τῶν
961 542 1178 600 ἐμφυλίων
1216 544 1406 596 πολέμων
1433 544 1644 586 λυθέντων
1670 540 1744 584 καὶ

309 610 583 663 πεπαυμένων
611 611 694 651 τῶν
721 610 950 662 ἐπιβουλῶν
977 610 1048 650 καί
1072 608 1291 660 ὑπονοιῶν,
1317 605 1422 662 ἔγνω
1449 608 1537 650 δεῖν
1563 608 1636 650 καὶ
1661 605 1743 648 αὑ-

308 676 383 724 τὸς
405 676 487 716 τῶν
515 672 651 716 πόνων
678 670 826 715 ἑαυτὸν
853 673 1012 716 ἀνεῖναι
1037 671 1211 728 μικρόν.
1258 673 1330 714 καί
1364 674 1537 724 βασιλεῖ’
1564 674 1741 728 προσελ-

305 738 409 794 θών,
438 738 510 782 τόν
537 754 582 780 τε
609 739 680 781 ἑπί
706 740 779 781 τοῦ
803 733 1015 795 προτέρου
1027 737 1179 793 χρόνου
1209 734 1313 792 πρὸς
1338 734 1413 794 τήν
1435 735 1741 792 διοίκησινῐῶν

306 806 559 862 πραγμάτων
589 806 766 860 διηγεῖτο
794 802 915 845 πόνον
940 802 1012 844 καί
1036 802 1103 856 ὥς,
1132 804 1214 844 τῶν
1240 799 1459 858 ἐμφυλίων
1486 802 1630 844 κακῶν
1655 795 1737 856 ἤδη
1746 823 1792 850 10

307 871 579 923 πεπαυμένων
600 871 672 910 καί
697 868 882 922 ὑποψίας
910 862 1034 923 οὔσης
1059 866 1267 920 οὐδεμιᾶς,
1297 863 1391 909 δέον
1416 863 1618 922 πρόνοιάν
1642 880 1740 909 τινα

272 933 566 989 Βποιήσασθαι
596 930 703 976 ὥστε
730 933 782 975 τά
810 948 856 974 τε
882 931 1104 989 πράγματα
1130 929 1267 988 ὥσπερ
1295 931 1497 989 πρότερον
1514 930 1742 981 ›tumr-nai

169 1009 211 1044 V,
234 1010 296 1043 168
309 999 366 1048 ῶς
394 1000 486 1040 δέον
515 1000 784 1051 διοικεῖσθαι,
830 997 902 1040 καί
945 996 1073 1039 αὐτὸν
1101 996 1344 1051 οἷναπαὺλης
1369 995 1478 1046 τινὸς
1502 995 1740 1052 τυγχάνειν,

304 1066 427 1106 τοῦτο
456 1065 501 1106 δὲ
528 1065 672 1118 γένοιτ’
701 1059 766 1116 ἂν,
794 1063 834 1104 εἰ
858 1062 933 1118 τήν
960 1077 1005 1104 τε
1025 1063 1108 1104 τῶν
1129 1062 1354 1116 βασιλικῶν
1374 1056 1629 1118 γραμμάτων
1646 1062 1740 1104 §m-
1830 1115 1832 1120 Ι

305 1129 480 1170 στασιάν
508 1126 579 1169 καὶ
605 1126 680 1183 τήν
707 1126 779 1169 ἐπὶ
802 1129 880 1168 τοῦ
907 1129 990 1169 τῶν
1025 1127 1250 1181 βασιλικῶν
1276 1126 1504 1182 χρημάτων
1530 1127 1789 1180 tamdem&

303 1191 368 1235 ἔτι
405 1194 551 1235 δὲκαὶ
587 1190 661 1247 τῂν
698 1193 874 1234 ἐπὶτῶν
914 1190 1244 1247 εἰσπραττόντων
1271 1189 1370 1240 τούς
1398 1192 1625 1246 δημοσίους
1656 1188 1737 1247 φό-

307 1272 406 1311 ρους
446 1255 619 1311 ἀναθείη
658 1253 783 1313 ἒτέρῳ
811 1255 913 1309 τινὶ,
952 1252 1001 1298 ὃν
1029 1252 1081 1297 ἂν
1108 1257 1315 1310 ἐκλέξηται
1341 1254 1490 1304 αὑτός.
1540 1252 1739 1309 βασιλεῦς

246 1364 255 1372 ,
304 1323 351 1363 δὲ
380 1317 478 1362 οὑδὲ
504 1318 627 1369 αὑτὸς
654 1320 833 1376 ἔφασκεν
859 1316 1043 1375 ἆγνοεϊν,
1071 1315 1170 1362 ὅσον
1198 1319 1269 1362 ἐπὶ
1304 1321 1380 1361 τοῦ
1406 1320 1608 1376 προτέρου
1631 1317 1739 1374 χρό-

303 1402 376 1428 νου
406 1384 609 1442 ὑφίστατο
637 1384 708 1427 τὸν
735 1385 871 1439 πόνον,
902 1387 1028 1427 πᾶσιν
1055 1383 1181 1433 αὐτὸς
1207 1384 1466 1441 ἐφεστηκὼς,
1495 1381 1602 1426 ἀλλὰ
1631 1385 1739 1427 εἶδέ-

304 1467 374 1493 ναι
401 1466 445 1492 τε
474 1452 630 1504 καλῶς,
659 1449 731 1492 καί
757 1451 835 1504 οὐχ
858 1446 1007 1505 ἥκιστα
1035 1448 1298 1502 θαυμάζειν,
1339 1451 1378 1491 εἰ
1403 1446 1504 1505 πρὸς
1530 1449 1790 1504 τοσαύτηναο

305 1514 503 1570 διοίκησιν
530 1515 783 1571 πραγμάτων
810 1512 870 1564 εἷς
897 1510 957 1557 ῶν
985 1514 1109 1564 αὐτὸς
1137 1515 1330 1570 ἐξαρκεῖ,
1385 1512 1450 1556 ἔτι
1489 1515 1536 1556 δὲ
1563 1513 1636 1556 καὶ
1661 1510 1738 1555 ἆλ-

303 1587 389 1634 γεῖν
416 1580 521 1637 ὑπὲρ
552 1577 683 1623 αὑτοῦ
696 1615 708 1634 ,
733 1578 805 1623 τὸν
832 1579 1014 1634 κάματον
1042 1577 1089 1620 ὃν
1116 1578 1317 1632 ὑπέμενεν
1343 1579 1514 1622 ἐννοῶν.
1556 1574 1655 1635 ὅπερ
1686 1580 1734 1622 δὲ

268 1638 432 1695 Οαῦτὸς
460 1644 561 1702 ἔφης
588 1645 848 1700 λογιζόμενος
875 1644 946 1686 καί
971 1641 1118 1697 αὐτὸς,
1168 1643 1227 1692 ’ὥς
1263 1645 1347 1686 τῶν
1375 1643 1592 1701 ἐμφυλίων
1617 1645 1737 1686 ἕνεκα

303 1711 491 1763 πολέμων
523 1711 596 1752 καί
630 1711 710 1752 τῶν
738 1711 970 1764 ἐπιβουλῶν
1007 1709 1232 1763 ἀναγκαῖον
1257 1709 1327 1765 ἐφ’
1355 1706 1495 1766 ἅπασί
1514 1723 1562 1751 σε
1588 1712 1737 1765 παρεῖ-

399 1773 449 1823 1‘6.
473 1786 629 1831 οἷναθείη
653 1789 726 1823 ED.
754 1789 788 1822 P.
815 1798 880 1834 pro
905 1785 1092 1823 ἀναθεῖεν.

304 1855 388 1889 dum
415 1855 666 1894 scriberentur,
694 1865 759 1900 per
783 1865 819 1888 se
840 1866 986 1900 magnus
1012 1853 1231 1888 domesticus
1254 1853 1477 1900 praefuerat3
1499 1863 1546 1890 ne
1560 1852 1653 1899 qnid
1669 1863 1735 1898 per

308 1901 505 1935 socordiam
533 1902 837 1945 malignitatemve
863 1902 1027 1941 aliorum,
1070 1900 1202 1946 quibus
1227 1912 1268 1935 ea
1294 1901 1620 1940 committerentur,
1644 1899 1737 1935 sini-

304 1948 432 1980 sterius
457 1949 576 1980 ficret:
624 1958 691 1980 nec
714 1948 809 1980 leves
835 1946 874 1980 in
898 1958 939 1980 eo
966 1947 1106 1981 labores
1133 1948 1373 1989 sustinuerat,
1407 1958 1496 1992 quos
1520 1945 1637 1981 nihilo
1660 1946 1733 1982 mi-

304 2004 382 2032 nus,
409 1995 491 2037 quia
514 2004 633 2026 curam
657 1992 1011 2038 sollicitudinemque
1035 1994 1074 2026 in
1094 1994 1260 2027 omnibus
1283 1994 1516 2029 necessariam
1534 1991 1733 2032 iudicabat,

303 2039 448 2072 silentio
475 2039 688 2084 perferebat.
739 2039 842 2073 Tunc
862 2050 958 2080 vero,
983 2040 1132 2084 sepultis
1155 2040 1227 2072 iam
1250 2040 1357 2073 bellis
1379 2038 1546 2073 civilibus
1568 2037 1734 2073 insidiis-

306 2095 375 2129 que
401 2096 440 2118 ac
464 2084 748 2129 suspicionibus,
773 2085 844 2117 sibi
869 2097 1012 2130 quoque
1040 2087 1293 2130 occupationes
1316 2086 1540 2131 aliquantum
1560 2085 1731 2123 minuen-

306 2130 368 2162 das
390 2142 465 2163 esse
487 2131 684 2164 constituit.
734 2130 909 2175 Quocirca
927 2133 1135 2175 imperatori
1154 2133 1340 2176 praeteriti
1367 2131 1537 2176 temporis
1569 2129 1730 2167 laborio-

307 2187 377 2208 sam
402 2177 746 2210 administrationem
770 2189 867 2209 suam
891 2178 1040 2222 exponit
1055 2189 1095 2211 ac
1112 2183 1255 2219 monet,
1285 2179 1389 2211 malis
1413 2177 1577 2211 civilibus
1607 2182 1644 2210 et
1668 2187 1732 2219 su-

304 2223 466 2265 spiciosis
487 2223 707 2268 temporibus
728 2222 796 2255 iam
818 2225 1033 2267 praeteritiS‚
1049 2224 1321 2268 providendum,
1346 2223 1400 2256 uti
1416 2234 1471 2256 res
1495 2221 1732 2268 quemadmo-
1830 2244 1832 2286 4

305 2268 388 2300 dum
416 2274 517 2308 ante,
543 2269 635 2301 bene
661 2269 899 2315 decenterque
923 2275 1174 2314 procurentur,
1198 2276 1235 2304 et
1259 2270 1332 2303 sibi
1354 2271 1514 2315 quietem
1539 2279 1580 2302 ac
1600 2268 1728 2302 remis-

303 2314 439 2346 sionem
459 2314 612 2359 aliquam
637 2315 910 2352 concedendam,
945 2318 1204 2350 Concessurum
1221 2322 1352 2356 autem,
1369 2316 1399 2348 si
1420 2314 1728 2359 imperatorin-um

302 2360 503 2393 litterarum
538 2365 574 2392 et
602 2360 676 2393 fisci
697 2365 733 2393 et
755 2363 979 2395 exactionum
999 2362 1259 2406 praefecturam
1292 2362 1331 2395 in
1357 2362 1508 2395 alterum
1527 2360 1730 2400 transferat,

305 2416 409 2450 quem
430 2418 492 2438 suo
510 2407 684 2439 arbitratu
709 2407 890 2451 delegerit.
941 2408 1136 2452 Respondit
1155 2409 1364 2453 imperator,
1392 2406 1467 2440 Nec
1487 2418 1527 2440 se
1553 2406 1728 2450 ignorare,

304 2457 456 2495 quantos
480 2452 541 2485 ille
569 2453 708 2485 labores
733 2453 902 2486 hactenus
925 2455 1105 2494 subiisset,
1129 2466 1208 2487 cum
1236 2466 1328 2487 unus
1349 2452 1513 2487 omnibus
1537 2457 1727 2497 praeesset:

303 2497 366 2529 sed
392 2497 503 2541 probe
525 2510 647 2538 nosse,
685 2504 720 2531 et
738 2510 958 2544 summopere
979 2501 1201 2541 admiratum,
1233 2500 1347 2533 solum
1365 2505 1485 2532 tantae
1503 2499 1730 2543 negotiorum

301 2543 388 2576 moli
413 2545 644 2577 sustinendae
673 2555 793 2588 parem
818 2557 892 2579 esse
929 2548 1098 2591 potuisse.
1147 2547 1331 2579 Praeterea
1357 2545 1514 2579 doluisse
1546 2545 1728 2582 fortunam

303 2590 397 2629 cius,
435 2601 514 2623 cum
545 2591 674 2635 quibus
699 2598 918 2635 premeretur
949 2594 1117 2626 oneribus
1151 2603 1270 2626 secum
1310 2593 1492 2636 cogitaret.
1550 2589 1623 2623 Sed
1647 2600 1728 2626 cum

302 2635 379 2678 ipse
403 2647 546 2681 quoque
568 2636 832 2678 consideraret,
859 2639 954 2683 quod
977 2638 1130 2679 dixerat,
1155 2638 1333 2684 quomodo
1356 2644 1502 2682 propter
1520 2636 1618 2670 bella
1637 2636 1728 2669 civi-

302 2680 351 2713 lia
374 2687 411 2714 et
429 2682 577 2716 insidias
597 2694 677 2716 eum
699 2683 821 2717 adesse
849 2685 1015 2719 omnibus
1040 2690 1077 2718 et
1097 2695 1163 2730 per
1187 2696 1268 2718 eum
1289 2685 1367 2718 fieri
1390 2684 1509 2717 omnia
1532 2686 1728 2729 oporteret,
