1852 3146
518 75 902 130 msmmARUM
940 80 975 119 1.
1003 79 1073 124 ιιο.
1469 54 1579 125 245

34 178 36 190 '⁷
35 52 53 142 ⁸4:³5&ae
38 37 50 43 J
41 30 43 33 <
36 0 54 26 454

128 189 224 244 κός·
249 178 469 248 ἐκκλησίας
491 189 539 232 δὲ
561 187 794 243 γενομένης,
821 185 895 244 τὴν
924 184 1153 243 ἄπολογιάν
1180 188 1251 245 ἔφ’
1276 183 1339 239 οἷς
1362 184 1578 231 ἔνεκαλού-
1590 191 1778 240 A.C.1327

123 266 210 315 μην
231 244 373 314 ἆληθῆ
391 252 466 298 καί
485 254 651 296 δικαίαν
677 252 954 311 ἐποιησάμην.
1005 252 1036 295 ἃ
1064 255 1145 308 μὲν
1166 249 1239 296 οὖν
1261 250 1377 297 εἶπον
1399 251 1504 308 πρὸς
1526 249 1579 294 τὰ

125 314 380 379 ἐγκλήματα,
417 317 541 363 αὐτοὶ
572 317 764 368 ἐλθόντες
799 319 1126 375 ἀπαγγελοῦσιν·
1165 317 1246 374 ἐγώ
1281 319 1323 362 δ’
1356 312 1581 367 αῦθίςσου

128 387 279 441 δέομαι
295 419 309 441 ,
334 387 524 441 βασιλεῦ,
560 385 664 442 μήθ’
685 385 799 441 ἡμᾶς
825 382 934 442 μήτε
957 383 1056 436 τούς
1075 380 1226 436 ἄλλους
1249 386 1451 441 περιϊδεῖν
1469 383 1584 426 Ἱ’ω--Ι

100 445 284 506 5μαίους
313 450 386 494 διὰ
422 448 496 494 τὸν
526 449 633 508 πρὸς
666 447 871 507 ἀλλήλους
897 447 1016 506 ἧμῶν
1046 447 1230 504 πόλεμον
1262 451 1582 507 φθειρομένους,

124 511 220 560 ἄλλ’
248 517 296 561 ἐν
319 516 500 574 ἡμέραις
524 515 633 559 &ma
664 515 718 559 τά
747 533 790 559 τε
823 519 968 559 δέοντα
1006 517 1251 568 σκέψασθαι
1286 517 1361 558 καί
1394 516 1496 572 ἡμῖν
1523 514 1582 564 ὥς

126 579 240 638 ἔχεις
260 572 428 640 γνώμης
455 583 655 639 δηλῶσαι.
686 578 740 625 civ
761 583 842 636 μὲν
864 578 954 636 οὖν,
981 580 1054 624 καί
1080 582 1187 624 θεοῦ
1206 581 1285 622 τοῦ
1310 582 1493 637 χορηγοῦ
1509 580 1582 635 τῆς

122 647 291 706 εἰρήνης
320 649 690 702 συνευδοκοῦντος,
718 646 950 707 πρᾳότερον
993 644 1095 702 ἡμῖν
1129 646 1324 703 διατεθῇς
1364 647 1438 688 καί
1467 648 1580 699 μᾶλ-

39 767 41 770 ι
122 716 197 756 λον
211 714 325 772 ,ἓλοιο
357 711 436 771 τῆν
456 712 651 771 εἰρήνην,
670 728 672 732 ·
689 711 954 768 πανταχόθεν
982 709 1035 755 ἂν
1063 710 1157 768 ἔχοι
1186 713 1350 761 καλῶς·
1392 706 1451 754 ἂν
1475 711 1517 752 δ’
1549 706 1619 766 ἧΟ

26 775 34 797 ³
75 770 221 822 ποτῶν·
239 776 454 838 ἡμετέρων
486 777 801 838 ἁμαρτημάτων
835 777 1002 835 πληθὺς
1029 777 1103 820 καὶ
1138 775 1184 820 τὸ
1219 775 1403 831 μάλιστα
1428 773 1579 831 βούλε-

122 847 229 888 σθαι
245 846 560 903 διαφθαρέντας
575 843 688 902 ἡμᾶς
715 845 820 888 ἰδεῖν
840 842 943 901 πρὸς
967 843 1015 886 τὸ
1041 847 1237 897 πολεμεῖν
1259 844 1423 898 μᾶλλον
1441 857 1579 898 παρα-

19 915 42 945 *2'
122 910 386 954 σκευάσωσιν
407 909 614 968 ὅρμῆσαι,
652 909 726 953 καί
749 907 881 960 οῦτως
913 908 994 966 ἐγώ
1029 925 1098 953 σοι
1125 909 1279 966 τρόπον
1301 906 1580 965 ὑφηγήσομαι

78 967 83 970 ¹
119 975 402 1033 ἰσχυρότατον
437 978 518 1020 τοῦ
554 974 659 1034 πρὸς
697 976 773 1030 ἐμὲ
799 977 1010 1031 πολέμου,
1055 973 1115 1026 ὥς
1142 972 1196 1020 ἂν
1223 972 1402 1030 τάχιστά
1425 989 1471 1016 τε
1505 974 1579 1015 καὶ

119 1039 255 1098 χωρὶς
281 1042 486 1086 κινδύνων
508 1042 761 1100 πραγμάτων
789 1041 1050 1100 ἀπαλλαγῇς.
1081 1040 1182 1091 θεὸς
1214 1040 1238 1083 ὅ
1261 1037 1442 1096 χορηγὸς
1469 1037 1575 1081 ποίν-

71 1115 203 1171 ιρτων
217 1109 309 1167 ’τοῖν
334 1108 533 1164 οἷγαθοῖίν,
583 1105 606 1151 ὃ
623 1102 757 1165 πατήρ
797 1109 960 1151 πάντων
983 1108 1057 1150 καί
1075 1106 1219 1165 κύριος
1240 1108 1326 1150 τῶν
1347 1104 1572 1161 βασιλέων,

117 1168 283 1228 ἄμαχόν
305 1190 399 1218 τινα
423 1175 496 1217 καί
520 1174 772 1228 θαυμασίαν
802 1175 1037 1230 παρέσχετο
1060 1171 1242 1227 δύναμίν
1270 1187 1362 1225 σοι,
1400 1169 1502 1229 πρὸς
1521 1168 1573 1226 ἢν

115 1235 200 1294 οῦχ
234 1235 299 1282 ὅτι
329 1255 376 1294 γε
407 1239 674 1296 ἀντιστῆναι,
718 1241 810 1283 ἀλλ’
842 1240 937 1282 οὐδ’
970 1241 1223 1294 ἀντιβλέψαι
1251 1235 1431 1289 δυνατὸς
1464 1233 1572 1280 εἶναι

114 1298 315 1359 ὅμολογῶ.
344 1302 435 1347 ἔστι
460 1306 500 1348 δ’
521 1303 628 1363 αῦτη
648 1322 726 1360 τις,
753 1303 800 1349 τὸ
827 1306 875 1348 σὲ
890 1307 970 1359 μὲν
996 1302 1105 1348 εἶναι
1126 1305 1272 1362 κύριον
1297 1304 1371 1348 καὶ
1394 1305 1569 1361 πατέρα,

111 1370 188 1423 ἐμὲ
209 1370 257 1412 δὲ
277 1367 369 1413 υἱὸν
394 1368 469 1413 καὶ
491 1371 638 1414 δοῦλον
664 1371 873 1428 ἀκριβῶς.
901 1369 1031 1429 ταύτῃ
1058 1370 1109 1428 δὴ
1130 1369 1393 1428 χρησάμενος
1415 1372 1469 1427 τῇ
1493 1372 1609 1425 δυ-Ι)

60 1431 262 1490 πονοῖμει,
289 1435 336 1478 έν
359 1432 483 1495 ὀλίγῳ
509 1437 615 1490 πᾶν,
644 1434 669 1479 ὃ
693 1436 848 1492 βούλει,
876 1436 1035 1495 ῥᾳδίως
1059 1435 1131 1495 ἔσῃ
1153 1435 1468 1492 κατωρθωκώς.
1497 1435 1571 1479 ε’ἀν

111 1499 191 1558 γὰρ
217 1498 413 1559 κελεύσῃς
444 1500 503 1551 ὥς
534 1501 689 1559 πατήρ,
721 1501 838 1545 κλοιὰ
863 1504 1136 1560 περιθέμενον
1169 1500 1324 1544 αὐτόθι
1358 1503 1569 1558 δεσμωτή-

112 1578 205 1623 ριον
229 1566 356 1608 οἰκεῖν
384 1564 588 1622 ἐλθόντα,
625 1565 874 1623 ἓτοιμότατα
903 1567 950 1611 τὸ
979 1567 1247 1622 κελευόμενον
1267 1567 1450 1623 ποιήσω.
1497 1570 1572 1610 καί

111 1632 159 1674 τί
177 1630 282 1686 λέγω
306 1631 592 1688 δεσμωτήριον
623 1634 697 1675 καί
721 1634 865 1686 κλοιάς
901 1635 976 1676 καί
996 1631 1094 1676 εἴτι
1117 1633 1263 1688 βούλει
1284 1634 1368 1676 τῶν
1392 1635 1567 1690 αἰσχρο-

113 1694 249 1740 τάτων
269 1697 422 1754 ἕτερον,
446 1695 679 1752 προθύμως
701 1699 779 1741 σοῦ
807 1699 1044 1748 κελεύοντός
1069 1696 1266 1752 ὑπομενῶ
1283 1711 1294 1722 ·
1323 1694 1376 1740 ἂν
1395 1700 1442 1741 δὲ
1464 1699 1565 1741 ταύ-

58 1763 184 1820 αὸτην
207 1758 332 1821 α’φείς
355 1760 432 1820 την
455 1761 646 1819 δύναμιν,
668 1766 741 1807 ἐπί
764 1762 839 1822 την
866 1761 1037 1822 ἑτέραν,
1063 1761 1116 1821 ἢν
1148 1765 1207 1823 ἐκν
1222 1766 1377 1808 πολλοῦ
1402 1763 1564 1811 λανθά-

110 1873 236 1899 essem.
261 1865 304 1899 In
322 1869 500 1900 conventu
523 1871 645 1901 autem
669 1865 714 1900 ad
734 1866 854 1912 capita
875 1866 1112 1901 accusationis
1130 1878 1214 1902 vere
1237 1878 1279 1901 ac
1295 1867 1389 1901 iuste
1410 1878 1561 1913 respon—

110 1909 168 1945 di:
197 1911 242 1946 de
269 1923 341 1958 quo
356 1912 428 1957 ipsi
443 1913 542 1958 apud
561 1919 598 1947 te
621 1914 886 1951 memorabunt,
934 1915 1085 1948 Rursum
1110 1919 1147 1947 te
1169 1926 1255 1956 oro,
1281 1915 1494 1959 imperator,
1520 1918 1563 1947 ut
1590 1948 1592 1952 ,

108 1967 202 1992 neve
219 1969 307 1999 nos,
329 1968 421 1992 neve
449 1960 624 1994 Romanos
647 1960 738 1994 alios
753 1985 762 2002 ,
788 1961 905 1995 nostri
935 1971 1041 1994 causa
1067 1960 1196 1994 acerba
1223 1961 1367 2008 perpeti
1391 1972 1432 1995 ac
1453 1959 1560 2006 perdi

110 2005 229 2046 sinas,
254 2003 318 2038 sed
339 2005 468 2039 diebus
490 2012 572 2040 octo
599 2007 689 2052 quid
711 2018 800 2053 opus
827 2008 876 2041 sit
897 2008 1124 2048 consideres,
1152 2013 1327 2054 tuamque
1347 2007 1454 2042 nobis
1474 2018 1559 2040 sen-

110 2052 265 2085 tentiam
295 2050 465 2087 declares.
515 2054 566 2094 Si,
594 2054 674 2087 Deo
710 2055 811 2099 pacis
838 2060 987 2088 auctore
1022 2066 1041 2087 a
1070 2054 1270 2099 probante,
1309 2054 1490 2100 placidam
1520 2053 1559 2087 in

109 2108 176 2132 nos
203 2102 362 2132 mentem
388 2099 554 2133 indueris
578 2111 777 2146 pacemque
797 2101 1018 2146 susceperis,
1042 2067 1137 2134 bene
1160 2101 1271 2134 facies
1297 2101 1414 2134 modis
1438 2101 1558 2134 omni-

108 2143 189 2178 bus.
237 2144 302 2179 Sin
319 2151 548 2190 peccatorum
566 2152 774 2182 nostrorum
791 2148 987 2182 multitudo
1005 2153 1042 2181 et
1067 2148 1216 2181 incensa
1244 2147 1394 2182 videndi
1425 2147 1557 2181 interi-

108 2195 168 2225 tus
190 2193 306 2227 nostri
327 2192 508 2238 cupiditas
535 2195 659 2238 potius
677 2195 716 2227 in
737 2194 875 2227 bellum
893 2199 930 2228 te
952 2195 1190 2240 praecipitem
1214 2200 1341 2240 agent,
1367 2195 1476 2228 etiam
1505 2193 1557 2226 sic

108 2237 257 2272 modum
282 2243 319 2272 te
343 2238 482 2273 docebo
514 2239 779 2275 validissimum
812 2251 870 2274 me
898 2242 1005 2275 armis
1030 2242 1285 2287 oppugnandi,
1316 2246 1359 2275 ut
1380 2241 1555 2274 citissime

108 2285 272 2330 citraque
289 2286 490 2331 periculum
508 2287 685 2320 molestiis
713 2287 907 2321 absolvare.
956 2289 1054 2322 Deus
1077 2288 1256 2323 bonorum
1278 2287 1438 2322 omnium
1466 2298 1554 2332 sup-

106 2331 290 2377 peditator
305 2357 315 2372 ,
339 2338 440 2376 pater
459 2339 496 2368 et
513 2332 680 2368 dominus
703 2345 825 2379 regum
842 2334 1022 2375 omnium,
1055 2334 1307 2369 admirabilem
1335 2334 1406 2368 tibi
1432 2340 1469 2367 et
1494 2334 1553 2367 in-

108 2378 390 2424 expugnabilem
410 2381 612 2424 potentiam
629 2379 752 2415 dedit:
779 2380 838 2414 cui
867 2393 941 2414 non
967 2382 1082 2416 solum
1113 2381 1304 2422 resistere,
1340 2381 1404 2415 sed
1430 2386 1553 2414 contra

107 2434 215 2505 guam
238 2436 286 2458 ne
304 2426 441 2461 intueri
462 2426 611 2472 quidem
637 2439 695 2461 me
715 2438 820 2473 posse
837 2427 963 2462 fateor.
1009 2429 1073 2462 Est
1095 2433 1214 2462 autem
1240 2427 1330 2461 haec
1346 2453 1355 2469 ,
1383 2427 1479 2473 qnod
1511 2432 1551 2461 tu

134 2472 276 2504 ominus
301 2477 339 2506 et
365 2477 490 2517 pater,
516 2484 581 2519 ego
607 2474 704 2509 filius
727 2480 764 2508 et
795 2485 916 2507 servus
948 2475 1106 2509 omnino.
1155 2475 1231 2508 Hac
1263 2486 1349 2508 usus
1375 2475 1552 2517 potentia,

109 2517 213 2551 brevi
248 2530 342 2564 quae
364 2519 522 2553 volueris
553 2522 675 2554 omnia
712 2521 869 2556 feliciter
911 2521 1059 2557 efficies.
1108 2522 1148 2556 Si
1177 2522 1275 2554 enim
1312 2520 1480 2560 iusseris,
1512 2525 1554 2554 ut

107 2569 229 2610 pater,
253 2575 324 2605 me,
349 2564 498 2599 collaria
517 2567 556 2599 in
573 2568 705 2601 collum
722 2567 868 2608 iniecta,
887 2568 1013 2602 venire
1034 2573 1071 2602 et
1088 2569 1167 2603 illic
1180 2578 1356 2601 carcerem
1373 2566 1551 2607 habitare,

107 2611 286 2654 imperata
303 2612 570 2656 promptissime
594 2625 781 2660 exsequar.
808 2613 908 2659 Quid
938 2621 1057 2649 autem
1078 2614 1160 2649 dico
1182 2614 1227 2647 de
1251 2614 1417 2647 carcere?
1444 2613 1473 2646 si
1495 2613 1553 2646 vcl

107 2657 491 2702 ignominiosissimum
516 2659 761 2702 mandaveris,
796 2660 977 2706 perferam
1010 2660 1184 2696 hilariter.
1234 2660 1272 2694 Si
1293 2660 1360 2694 hac
1385 2660 1551 2705 potentia

109 2703 261 2747 omissa,
285 2702 332 2738 nd
350 2704 501 2740 alteram
518 2710 555 2740 te
577 2713 776 2750 convertes,
807 2718 912 2755 quam
931 2708 1071 2755 pridem
1097 2708 1187 2749 tibi,
1210 2707 1360 2743 credens
1382 2711 1419 2743 te
1438 2706 1549 2741 latere
