1852 3146
309 58 421 126 246
743 110 747 118 .
843 70 1212 118 CANTAGUZENJ
1255 143 1257 147 ¹

115 183 198 219 AB.
216 184 300 231 1327
310 191 394 219 νειν
414 174 599 229 οἰόμενος
615 170 930 228 παρεσκεύασας
947 175 1134 233 σεαυτῷ,
1160 177 1332 233 τραπῇς,
1369 174 1550 230 ἐλπιζων.
1566 176 1643 231 ἐμὲ
1666 192 1742 221 κα-

305 239 582 296 τεργάσεσθαι
614 238 804 295 πολέμῳ,
851 235 956 281 ὄκνῶ
981 240 1060 293 μὲν
1097 243 1250 295 εἰπεῖν,
1297 240 1507 298 εἰρήσεται
1541 242 1588 285 δὲ
1614 237 1742 297 ὅμως,
1776 272 1784 280 ·

307 307 473 348 δέδοικα
498 302 570 358 μὴ,
598 297 735 358 ὥσπερ
767 301 840 344 καί
866 303 1080 360 πρότερον,
1099 306 1172 348 ἐπὶ
1194 306 1277 348 τῶν
1305 304 1437 363 ἔργων
1464 307 1601 351 αὐτῶν
1636 307 1743 350 α’λυ-

304 370 475 418 σιτελαῖς
503 368 665 425 σεαυτῷ
687 369 1010 422 βεβουλευμένος
1044 372 1198 427 φανῇς.
1234 369 1325 413 τότε
1351 372 1430 424 μὲν
1460 366 1535 415 οὖν
1561 371 1668 426 θεοῦ
1694 386 1742 414 τε

304 434 607 490 συναιρομένου
635 431 709 474 καὶ
728 433 811 475 τῶν
834 435 910 487 ἐμὲ
932 431 1039 476 πάνυ
1066 432 1298 493 φιλούντων
1321 438 1501 480 τουτωνὶ
1520 436 1769 494 συμπρεπῆ-5

187 498 475 552 Ρ,152τόντων,
503 498 655 554 ἱδρῶσι
681 501 847 549 πολλοῖς
870 501 942 542 καί
981 498 1123 552 πόνοις
1161 499 1242 554 οὐχ
1270 496 1367 558 ὅπερ
1387 499 1512 552 αὐτὸς
1531 500 1651 559 ἔργον
1670 498 1744 544 εὖ-

239 563 241 565 ’
300 565 379 619 χῆς
394 564 495 619 ἡγοῦ
517 564 778 618 τελεσθῆναι,
797 564 888 606 ἀλλ’
919 560 1017 621 ὅπερ
1041 563 1093 607 σύ
1115 566 1195 619 μὲν
1221 564 1320 608 οὐδὲ
1344 565 1620 623 ἐνεθυμήθης,
1647 564 1747 622 ἐμοὶ

302 631 350 671 δὲ
370 624 421 684 ἦν
446 626 516 670 διὰ
543 626 750 684 σπουδῆς,
780 628 1064 687 κατωρθώθη·
1103 631 1178 672 νῦν
1204 631 1251 673 δὲ
1276 631 1456 686 δέδοικα,
1483 627 1535 674 ἂν
1556 629 1611 675 τὰ
1633 633 1745 689 προί-

306 707 443 748 γματα
470 690 625 750 ἑτέρως
651 689 680 748 ἢ
704 689 829 744 αὖτός
851 693 1018 752 ἐλπιζῃς
1051 694 1211 753 ἆποβῇ,
1254 693 1314 752 μὴ
1343 696 1415 739 καὶ
1438 691 1546 753 αὕτη
1574 695 1604 754 ἤ
1628 693 1746 746 ἐλπὶς

301 760 573 816 περιαιρεθῇ.
613 757 677 801 διὸ
701 761 775 801 καί
792 759 942 813 δέομαι
967 754 1094 809 αὖθις
1113 762 1186 803 καί
1209 761 1508 817 συμβουλεύω,
1534 757 1564 818 ἢ
1588 757 1663 818 τὴν
1683 760 1797 804 effu-10

302 822 429 880 ρήνην
456 820 652 878 ἑλέσθαι,
679 819 708 879 ἢ
728 822 811 879 εἴγε
839 824 1001 874 πάντως
1021 822 1219 882 ὥρμησαι
1237 825 1339 883 πρὸς
1363 824 1408 869 τὸ
1433 829 1651 882 πολεμεῖν,
1689 826 1743 884 τῇ

292 890 458 946 Ιμεγοίλῃ
485 888 724 946 χρήσεσθαι
748 889 867 943 ἰσχύϊ
876 923 889 943 ,
926 888 980 946 ἢν
1006 889 1116 945 ἔχεις
1148 889 1204 941 ὥς
1229 889 1392 948 πατὴρ,
1428 893 1485 935 δι’
1513 886 1564 948 ἧς
1586 888 1744 951 ῥᾳδίως

301 950 415 995 ἅπαν
443 949 497 996 ἄν
531 970 599 997 σοι
622 954 669 999 τὸ
703 953 953 1008 βουλόμενον
978 957 1289 1013 κατορθωθείη,
1335 955 1458 1014 (ἴστω
1486 957 1534 1000 δὲ
1559 952 1743 1007 &soc-0239

301 1014 445 1074 ἆληθῆ
472 1021 614 1073 λέγω)
657 1018 730 1061 καὶ
742 1017 802 1074 μὴ
823 1021 874 1077 τῇ
896 1020 1040 1077 συκίνῃ
1067 1021 1250 1078 θαρῥεῖν
1276 1023 1519 1082 ἐπικουρίᾳ,
1558 1026 1645 1072 τοῖς
1673 1021 1742 1064 ε’κ-

267 1086 560 1138 Βπεμφθεϊσιν
589 1084 660 1125 ἐπὶ
690 1083 765 1140 τὴν
790 1081 971 1142 ἑσπέραν
1001 1081 1207 1142 ἄρχουσιν
1235 1087 1309 1129 ἐπὶ
1327 1086 1383 1133 τὸ,
1403 1086 1475 1131 τὸν
1509 1089 1603 1130 κατ’
1631 1086 1738 1140 ἐμοῦ
1745 1085 1793 1129 15

301 1148 478 1200 πόλεμον
513 1147 848 1204 ἐξαρτύσασθαι.
895 1153 1055 1193 πολλῶν
1080 1152 1162 1207 γὰρ
1195 1146 1346 1206 ὅντων,
1398 1151 1457 1203 ὥς
1489 1148 1616 1204 αὖτός
1645 1148 1739 1204 οἴει,

270 1264 272 1266 ¹
302 1211 376 1254 καί
395 1215 648 1266 θαυμασίων
675 1217 927 1271 στρατηγῶν,
955 1219 1091 1275 πολλῷ
1114 1218 1170 1275 τῷ
1189 1218 1323 1275 μέτρῳ
1351 1219 1626 1275 διαφέροντας
1647 1215 1742 1262 ἴσθι

300 1278 378 1331 ἐμὲ
399 1276 473 1319 καί
495 1277 594 1327 τοὺς
614 1282 707 1332 μετ’
737 1281 843 1333 ἐμοῦ
851 1311 864 1323 .
908 1277 961 1323 ἂν
982 1283 1059 1335 μὲν
1078 1278 1154 1324 οὖν
1184 1283 1280 1336 ἐμοὶ
1298 1281 1506 1337 πεισθεὶς,
1533 1284 1742 1340 ἐπιψηφί-

301 1357 353 1399 σῃ
379 1341 455 1397 τὴν
479 1342 660 1399 εἰρήνην,
688 1344 790 1387 θεόν
807 1361 849 1388 τε
870 1346 1091 1403 εὐφρανεῖς
1116 1346 1189 1389 καὶ
1211 1345 1307 1397 τοὺς
1330 1347 1515 1403 ἀγαθοὺς
1541 1339 1740 1404 ἆγγέλους

305 1407 461 1462 αὐτοῦ’,
504 1407 576 1450 καί
609 1409 722 1464 ἡμᾶς
744 1412 933 1464 πολέμων
964 1413 1038 1453 καί
1069 1413 1269 1455 κινδύνων
1294 1411 1563 1464 ἀπαλλάξεις.
1609 1407 1663 1458 ἂν
1698 1415 1793 1456 δάο

171 1480 212 1516 V.
229 1492 291 1516 122
303 1470 455 1528 ἑτέρως
471 1474 687 1532 βουλεύσῃ,
716 1474 793 1529 ἐγώ
811 1477 888 1530 μὲν
911 1477 1249 1534 ἐπιμαρτύρομαι
1266 1476 1340 1521 τὸν
1359 1478 1496 1521 πάντα
1523 1479 1740 1534 ἐφορῶντα

304 1537 525 1593 ὄφθαλμὸν
546 1538 619 1581 καὶ
641 1539 718 1589 τὰς
741 1542 977 1591 διοικούσας
1004 1540 1055 1585 τοὶ
1078 1540 1259 1599 ἡμέτερα
1289 1541 1515 1599 πράγματα
1537 1541 1740 1596 δυνάμεις

301 1603 543 1658 οὐρανίους,
571 1604 631 1652 (ὃς
652 1604 725 1646 καί
750 1604 1019 1659 ἀδικούμενος
1041 1609 1115 1650 καί
1137 1605 1584 1663 παρασπονδούμενος,
1624 1603 1740 1662 ὅμως

259 1677 285 1711 C
301 1666 542 1722 ἀσπάζομαι
566 1666 641 1724 τὴν
665 1670 854 1726 εἰρήνην·
889 1669 1015 1720 αὐτὸς
1030 1672 1085 1712 ·δ’
1109 1666 1161 1713 ἂν
1186 1670 1337 1728 εἰδείης
1369 1667 1403 1726 ὅ,
1414 1687 1457 1714 τι
1485 1672 1746 1730 καῐσεαυτῷ

303 1783 341 1812 et
362 1789 521 1822 sperans,
543 1778 643 1814 bello
661 1791 718 1814 me
734 1781 995 1823 confecturum,
1019 1783 1189 1827 paravisti
1202 1808 1212 1824 ,
1233 1794 1359 1817 vereor
1383 1782 1514 1823 dicere,
1537 1781 1601 1817 sed
1618 1782 1737 1819 dicam

301 1829 436 1865 tamen,
460 1836 596 1867 vereor,
618 1838 665 1860 ne
686 1832 726 1860 ut
746 1828 847 1868 alias,
871 1828 922 1860 sic
938 1829 1044 1862 modo
1068 1830 1160 1863 male
1176 1830 1245 1862 tibi
1268 1831 1488 1864 consuluisse
1503 1831 1589 1876 ipso,
1604 1835 1736 1864 eventu

303 1870 582 1915 deprehendam.
630 1873 681 1906 Ac
714 1878 801 1907 tunc
827 1873 973 1919 quidem
1005 1881 1041 1908 et
1059 1875 1136 1909 Deo
1165 1876 1331 1920 inprimis
1355 1882 1391 1910 et
1428 1876 1483 1910 his
1509 1876 1736 1910 amicissimis

302 1920 394 1952 meis
414 1918 668 1952 adiuvantibus
682 1945 691 1960 ,
715 1920 838 1952 multis
864 1920 1054 1954 sudoribus
1082 1933 1122 1955 ac
1141 1922 1327 1956 laboribus
1341 1948 1351 1963 ‚
1374 1933 1448 1956 non
1469 1922 1567 1969 quod
1591 1922 1662 1956 tibi
1694 1923 1736 1956 in

305 1964 398 1997 votis
420 1969 514 2004 erat,
538 1964 601 1998 sed
625 1965 723 2010 quod
743 1977 789 1999 ne
810 1966 849 1999 in
874 1967 1125 2011 cogitationem
1145 1967 1293 2013 quidem
1324 1974 1424 2002 tuam
1452 1979 1614 2015 unquam
1639 1969 1736 2002 ceci-

307 2009 428 2050 derat,
451 2010 540 2043 mihi
563 2017 682 2044 autem
707 2013 746 2045 in
766 2011 956 2045 desideriis
978 2020 1072 2055 erat,
1096 2025 1266 2059 prospere
1290 2015 1490 2060 perfectum
1514 2020 1578 2049 est.
1631 2014 1738 2048 Nunc

306 2061 453 2096 metuo,
477 2057 507 2089 si
525 2058 652 2098 aliter,
679 2069 786 2103 quam
807 2058 977 2099 confidis,
1011 2071 1066 2093 res
1090 2060 1304 2102 ceciderint,
1335 2072 1382 2094 ne
1418 2071 1498 2105 spes
1524 2066 1604 2095 tuas
1629 2061 1738 2094 falla-

307 2112 364 2134 ces
391 2102 501 2135 fuisse
532 2109 713 2148 appareat,
769 2104 945 2149 Quocirca
975 2106 1107 2139 iterum
1127 2113 1173 2146 ‚te
1198 2106 1324 2141 hortor
1344 2113 1456 2154 atque
1481 2118 1584 2152 rogo,
1610 2117 1736 2152 pacem

305 2158 353 2180 ne
379 2159 590 2191 aspernere:
621 2156 684 2183 aut
708 2151 738 2183 si
767 2150 857 2184 belli
884 2151 1006 2196 cupidi
1036 2163 1055 2184 e
1085 2153 1175 2187 adeo
1202 2153 1336 2194 ferves,
1367 2159 1471 2187 utare
1496 2155 1631 2199 magnis
1659 2153 1735 2187 illis

306 2193 466 2234 viribus,
490 2195 622 2240 quibus
641 2197 738 2229 vales
756 2202 797 2230 ut
820 2203 940 2241 pater,
965 2203 1002 2230 et
1051 2210 1117 2232 uae
1153 2199 1224 2232 tibi
1245 2205 1362 2233 totum
1388 2199 1470 2240 hoc,
1496 2199 1594 2246 quod
1620 2201 1736 2245 cupis,

307 2239 408 2272 facili
431 2240 602 2286 felicique
621 2253 782 2275 successu
807 2244 1062 2287 praestabunt,
1098 2245 1229 2290 (Deum
1259 2251 1390 2286 testor,
1419 2257 1503 2279 vera
1529 2257 1586 2280 me
1609 2247 1735 2291 prolo-

334 2286 401 2328 ui,)
425 2291 461 2318 et
484 2298 530 2319 ne
553 2288 705 2321 ficulneo
726 2290 842 2322 nitare
860 2291 1008 2330 auxilio,
1032 2302 1160 2336 nempe
1184 2291 1337 2326 ducibus
1360 2292 1446 2332 illis,
1470 2303 1559 2337 quos
1579 2293 1619 2326 in
1638 2293 1736 2326 oeci-

304 2297 451 2364 gentem
472 2331 517 2364 ad
535 2333 671 2366 bellum
691 2340 814 2368 contra
831 2346 887 2368 me
909 2337 1153 2381 apparandum
1174 2339 1334 2372 emisisti.
1366 2335 1508 2371 *Multis
1532 2339 1628 2372 enim
1656 2338 1735 2371 illis

304 2381 341 2410 et
364 2377 589 2422 insignibus,
619 2385 661 2413 ut
686 2380 833 2426 quidem
864 2388 904 2416 tu
933 2384 1118 2427 opinaris,
1152 2384 1258 2430 longo
1288 2384 1479 2418 intervallo
1511 2384 1600 2418 scias
1626 2384 1736 2418 velim

302 2433 359 2455 me
392 2424 529 2469 quique
555 2436 695 2458 mecum
729 2432 813 2460 sunt
838 2429 1065 2469 antecellere,
1113 2429 1233 2474 Quare
1259 2431 1288 2462 si
1318 2430 1464 2463 monitis
1498 2431 1587 2463 meis
1614 2429 1735 2464 locum

304 2469 524 2514 relinquens,
543 2482 664 2514 pacem
685 2471 882 2508 decreveris
896 2499 905 2514 ‚
928 2475 1043 2507 Deum
1070 2477 1187 2520 ipsum
1208 2481 1244 2510 et
1268 2477 1382 2510 bonos
1402 2476 1545 2521 angelos
1565 2475 1642 2509 eius
1668 2487 1735 2510 ex-

303 2513 497 2558 hilarabis,
521 2529 659 2563 nosque
680 2529 700 2550 a
725 2518 865 2553 bellicis
886 2521 965 2553 istis
989 2521 1221 2555 incommodis
1246 2527 1343 2556 tutos
1367 2521 1588 2556 conciliabis.
1636 2522 1675 2555 Si
1693 2522 1735 2556 iu

305 2560 485 2596 diversum
516 2562 615 2604 abis,
661 2563 778 2596 Deum
797 2590 807 2605 ,
845 2567 946 2599 cuius
984 2568 1108 2600 oculus
1142 2569 1303 2601 intuetur
1327 2569 1467 2608 omnia,
1491 2573 1530 2601 et
1561 2568 1735 2602 coelestes

305 2607 386 2639 illas
408 2610 578 2650 virtutes,
608 2620 726 2643 rerum
756 2616 956 2645 nostrarum
987 2613 1325 2654 administratrices,
1360 2614 1488 2646 invoco
1511 2618 1621 2648 testes
1636 2639 1646 2655 ‚
1669 2625 1734 2649 ,me

306 2663 523 2701 quamquam
555 2657 718 2690 affectum
738 2657 872 2692 iniuria
895 2663 932 2692 et
958 2659 1152 2706 perfidiose
1178 2660 1368 2701 violatum,
1391 2658 1508 2696 nihilo
1531 2661 1648 2697 mimis
1667 2671 1733 2709 pa·-
