1820 3164
280 105 390 174 548
748 103 749 106 ’
805 119 1173 162 CANTAcqum

85 231 164 266 ΜΞ.
183 224 379 283 ι34ιφίας
411 225 635 277 ἐπιβαίνειν
644 255 657 275 ,
703 220 895 275 δεόμενον
937 220 1010 264 καὶ
1045 223 1151 264 θεοῦ
1181 224 1312 267 πολλὰ
1337 227 1408 269 καί
1430 220 1596 281 ἀνδρῶν
1614 226 1697 270 τῶν
1752 257 1758 260 ⁷

272 290 325 332 τὰ
346 290 520 331 τοιαῦτα
548 287 759 344 δύνασθαι
796 283 1038 342 ἧξιωμένων
1077 285 1343 345 συνάρασθαι
1367 289 1473 346 πρὸς
1495 289 1542 333 τό
1581 284 1702 346 ἔργον

272 350 406 403 οὕτως
436 348 483 395 ὃν
517 348 680 406 ὖψηλὸν
715 353 786 394 καί
812 350 889 407 τὴν
918 351 1183 408 ἀνθρωπίνην
1215 351 1463 409 ὗπερβαῖνον
1481 353 1695 412 δύναμιν)

269 415 297 474 ἢ
320 416 460 472 ἐπειδή
483 432 527 472 γε
548 416 618 458 διὰ
638 415 852 474 ῥᾳθυμίαν
877 417 1186 472 ἀπερισκέπτως
1195 421 1254 476 τῷ
1267 419 1545 474 προστυχόντι
1568 435 1698 477 προσ-

269 482 479 537 εχώρησε,
525 482 575 539 τῇ
610 482 765 523 ἐκείνου
813 481 978 539 οἶμαθίᾳ
1013 482 1367 537 προσλογίσασθαι
1402 482 1503 534 τοὺς
1536 485 1724 540 λόγους,5

270 543 376 589 ἀλλὰ
401 546 458 602 μὴ
498 542 634 603 (ὅσπερ
668 545 897 602 ἐξεπίτηδες
936 544 1073 603 ὥσπερ
1113 545 1222 598 τινὸς
1255 544 1430 603 ἑρμαίου
1473 549 1700 604 λαβόμενον

268 613 350 654 τῶν
379 610 530 666 λόγων,
572 611 773 660 αὕθαδῶς
793 614 865 653 καί
882 613 1076 668 θρασέως
1097 615 1190 655 κατ’
1217 609 1347 669 αὐτῆς
1378 614 1453 669 τῆς
1476 611 1594 670 ἱερᾶς
1619 629 1700 669 χω·

223 691 248 724 Β
270 677 397 732 ρῆσαι
427 674 608 732 ἡσυχίας
645 675 717 717 καί
751 681 838 726 τοῖς
877 676 1139 732 ἡσυχάζουσι
1182 676 1312 720 πολλοὶ
1359 678 1700 735 προστρίψασθαι

271 740 408 796 ὄνείδη
421 775 433 795 ‚
483 742 722 790 ἀπατεῶνας
754 742 959 783 καλοῦντα
989 741 1060 784 καί
1090 742 1378 797 ψευδομένους
1403 744 1605 786 καλοῦντα
1630 746 1703 787 καὶ

269 804 625 859 Μασσαλιανοὺς,
655 807 701 847 ἐκ
726 806 801 848 τοῦ
824 808 914 862 φῶς
939 806 1287 863 περιαστράπτειν
1310 806 1408 859 τούς
1431 805 1752 865 ἆγίουςοῖκη-ιο

268 873 406 913 κοέναι
436 869 511 921 τὰς
539 870 735 928 ἀφορμάς
765 868 958 928 εἰληφότα
982 875 1066 915 τῶν
1091 874 1253 916 πολλῶν
1274 873 1507 930 λοιδοριῶν.
1560 875 1698 917 καίτοι

266 951 312 991 γε
338 937 395 993 τῷ
420 936 631 988 διδάξαντι
651 935 748 993 περὶ
769 931 903 979 ἄλλων
921 938 1000 990 μὲν
1021 932 1074 980 ἄν
1096 954 1160 987 τις
1174 939 1379 996 μέμφοιτο
1398 932 1590 993 δικαίως,
1625 955 1700 982 πε-

264 1000 312 1057 ρί
332 999 480 1044 τούτου
504 1003 549 1044 δὲ
576 1000 726 1051 οὕδείς.
780 996 932 1051 ἄλλους
960 1019 1005 1044 τε
1025 1001 1102 1058 γὰρ
1132 1003 1419 1060 περιήστραψε
1451 1002 1630 1055 πολλοὺς
1651 1003 1700 1047 τὸ

262 1069 377 1108 θεῖον
407 1068 527 1109 τοῦτο
559 1068 650 1123 φῶς
673 1068 717 1109 ἐν
743 1071 829 1117 τοῖς
860 1069 938 1108 τοῦ
966 1069 1152 1122 διωγμοῦ
1187 1073 1348 1125 καιροῖς
1371 1069 1696 1125 ἀγωνιζομένους

261 1130 369 1187 ὑπὲρ
404 1132 605 1187 Χριστοῦ,
637 1134 709 1174 καί
736 1131 959 1175 ’Λντώνιον
991 1131 1064 1175 τὸν
1092 1137 1208 1176 θεῖον
1244 1130 1293 1176 οὗ
1327 1133 1429 1191 πρὸς
1454 1133 1750 1191 τυράννους,ιό

262 1195 369 1240 ἀλλὰ
406 1195 504 1246 τούς
537 1199 794 1253 δεινοτέρους
833 1196 1047 1253 τυράννων
1082 1200 1286 1252 δαιζιιονας
1325 1191 1701 1256 παρατεταγμένον,

265 1261 323 1310 ὥς
357 1264 403 1305 ἐκ
429 1263 511 1304 τῶν
540 1264 637 1316 περί
665 1263 798 1304 αὐτοῦ’
834 1266 1205 1319 συγγεγραμμένων
1241 1263 1377 1315 ἔξεστι
1409 1267 1587 1318 μαθεῖν.
1603 1264 1621 1322 ’,
1650 1265 1702 1308 οὗ

229 1325 353 1382 Ομὴν
389 1327 479 1369 ἀλλ’
517 1328 557 1369 εἰ
584 1329 654 1369 δεῖ
684 1326 757 1368 καί
783 1329 915 1370 ταῦτα
958 1328 1095 1371 πάντα
1124 1329 1476 1386 παραδραμόντας
1513 1329 1620 1387 πρὸς
1651 1329 1701 1374 τὸ

262 1392 424 1448 πρῶτον
449 1390 713 1447 παράδειγμα
734 1392 1015 1448 οἷναδραμεῖν,
1047 1395 1194 1449 σαφῶς
1222 1396 1383 1444 ἐξέσται
1412 1397 1489 1438 τοῦ
1520 1393 1700 1439 δυνατὸν

262 1454 372 1499 εἶναι
396 1462 482 1507 τοῖς
504 1462 753 1510 σωματικοῖς
783 1457 1018 1513 ὀφθαλμοῖς
1038 1461 1154 1500 θεῖον
1173 1462 1244 1501 καί
1273 1454 1466 1503 «immor
1491 1451 1582 1517 φῶς
1600 1460 1754 1504 θεά-30

263 1524 424 1564 σασθαι
445 1519 521 1575 τὴν
549 1520 758 1573 ἀπόδειξιν
776 1525 930 1576 λαβεῖν.
984 1522 1242 1579 παραλαβών
1266 1524 1370 1580 γάρ,
1401 1540 1550 1581 φησιν,
1581 1524 1607 1567 ὅ
1627 1525 1701 1568 κύ-

264 1600 355 1642 ριος
379 1584 459 1642 πρὸ
478 1586 553 1627 τοῦ
579 1583 742 1635 πάθους
764 1585 862 1637 τούς
884 1589 1130 1643 προκρίτους
1154 1588 1238 1630 τῶν
1265 1591 1465 1644 μαθητῶν
1485 1591 1560 1632 καί
1580 1587 1702 1634 ἄνελ-

262 1649 354 1694 θών
382 1649 454 1694 ἐπὶ
475 1650 653 1708 Θαβώρ,
693 1650 1001 1708 μετεμορφώθη
1022 1650 1257 1709 ἔμπροσθεν
1289 1653 1428 1696 αὐτῶν
1447 1653 1522 1698 καί
1535 1652 1700 1711 ἔλαμψε

263 1797 522 1843 guantiumque
546 1797 774 1844 depositione
800 1798 959 1832 animum
985 1809 1181 1844 expurgare
1213 1796 1397 1833 docuisset
1427 1802 1465 1832 et
1495 1797 1546 1831 ita
1570 1796 1616 1831 ad
1639 1808 1698 1832 sa-

263 1855 320 1877 cra
345 1844 523 1877 vestibula
548 1843 654 1878 huius
681 1845 825 1879 divinae
853 1846 1053 1890 sapientiae
1076 1845 1257 1887 accedere,
1288 1845 1401 1879 multa
1425 1845 1560 1885 Deum,
1585 1845 1700 1878 multa

261 1890 356 1924 viros
379 1890 445 1923 hac
470 1891 693 1935 perfectione
728 1892 854 1936 dignos
887 1891 1030 1926 habitos
1065 1897 1289 1936 precantem,
1336 1897 1378 1925 ut
1408 1890 1454 1925 ad
1490 1902 1580 1936 opus
1625 1894 1699 1923 tam

266 1936 421 1969 sublime
446 1942 484 1969 et
509 1936 664 1970 humana
689 1938 860 1971 facultate
886 1939 1071 1983 superius,
1097 1937 1303 1972 adiumento
1327 1937 1398 1971 sihi
1423 1947 1500 1971 esse
1522 1948 1569 1971 nc
1593 1947 1700 1970 recu-

264 1983 419 2028 θαι-θοις)
453 1989 516 2016 aut
547 1989 738 2029 postquam
769 1990 916 2029 propter
940 1984 1114 2017 desidiam
1139 1995 1239 2017 suam
1266 1983 1471 2018 inconsulto
1501 1982 1548 2017 ad
1579 1982 1701 2027 proxi-

263 2039 360 2061 mum
386 2029 601 2073 accessisset,
628 2029 791 2063 auditum
815 2042 1012 2064 sermonem
1037 2032 1134 2063 illius
1159 2030 1325 2064 inscitiae
1350 2029 1528 2063 tribuere:
1546 2039 1613 2062 nec
1636 2039 1698 2062 ve-

263 2074 321 2108 lut
335 2074 458 2109 dedita
475 2086 584 2120 opera
598 2081 635 2109 et
657 2082 838 2122 tamquam
862 2077 1082 2120 insperatum
1104 2077 1240 2109 lucrum
1267 2088 1307 2110 ea
1327 2076 1435 2110 verba
1457 2076 1613 2120 arripere
1638 2086 1697 2108 ax·-

263 2126 501 2166 roganterque
529 2127 565 2155 et
588 2123 749 2166 proiecte
776 2123 815 2155 iu
840 2135 974 2156 sacram
999 2125 1157 2169 quietem
1181 2123 1361 2163 invadere,
1403 2127 1439 2156 et
1463 2133 1505 2156 ea
1535 2121 1697 2154 fruentes

263 2166 465 2201 maledictis
491 2168 743 2209 conscindere,
769 2170 998 2214 impostores,
1020 2168 1207 2203 mendaces
1221 2194 1230 2208 ‚
1253 2168 1485 2203 Massalianos
1507 2177 1697 2212 nuncupa—

267 2224 319 2254 re,
345 2224 390 2246 ex
415 2224 458 2246 eo
483 2214 582 2259 quod
605 2214 781 2255 audisset,
808 2221 948 2249 sanctos
973 2217 1110 2249 lumine
1140 2215 1402 2256 circumfundi,
1425 2214 1582 2260 plurium
1598 2223 1697 2247 ,eon-

262 2259 494 2292 tumeliarum
528 2271 612 2293 ansa
645 2265 787 2305 arrepta
819 2261 999 2296 videlicet.
1048 2262 1272 2307 Quamquam
1305 2260 1486 2294 doctorem
1519 2259 1627 2293 istum
1649 2258 1696 2293 de

263 2305 346 2338 aliis
374 2305 520 2351 quidem
544 2307 672 2340 merito
699 2307 868 2345 forsitan,
904 2307 949 2342 de
975 2308 1045 2342 hoc
1077 2313 1197 2341 autem
1223 2319 1243 2341 a
1267 2308 1412 2341 nemine
1443 2316 1547 2352 posse
1570 2315 1695 2350 repre-

262 2350 388 2385 hendi.
435 2351 527 2385 Nam
559 2357 596 2386 et
629 2353 718 2387 alios
748 2355 880 2388 mu'ltos
913 2355 1173 2400 persecutionis
1205 2353 1426 2399 temporibus
1456 2363 1521 2397 pro
1554 2350 1696 2386 Christo

264 2397 498 2439 dimicantes,
536 2397 606 2432 hoc
637 2398 798 2434 divinum
830 2401 951 2435 lumen
989 2401 1205 2434 convestisse
1232 2404 1269 2433 et
1300 2404 1462 2434 sanctum
1485 2397 1696 2438 Antonium,

263 2455 339 2478 non
366 2450 490 2478 contra
515 2449 704 2488 tyrannos,
738 2446 799 2480 sed
824 2452 946 2480 contra
983 2446 1173 2480 daemonas
1196 2446 1356 2490 tyrannis
1382 2444 1632 2478 horribiliores
1656 2444 1696 2477 in

264 2491 342 2529 acie
367 2496 542 2534 stantem5
574 2491 613 2524 id
643 2491 741 2537 quod
774 2503 817 2525 ex
844 2492 995 2526 historia
1019 2494 1095 2526 eius
1125 2493 1220 2526 vitae
1243 2496 1373 2537 pateat.
1421 2491 1553 2524 Verum
1579 2491 1696 2523 enim-

266 2546 373 2578 vero,
412 2537 442 2569 si
464 2536 521 2570 his
547 2537 713 2571 omnibus
737 2540 940 2581 praeteritis
977 2539 1022 2573 ad
1046 2539 1200 2584 primum
1230 2538 1411 2582 exemplar
1441 2535 1695 2570 recurrendum

269 2583 336 2623 sit,
371 2594 478 2628 posse
502 2583 582 2616 fieri
606 2589 647 2616 ut
670 2585 784 2617 oculis
812 2586 989 2630 corporeis
1026 2586 1204 2631 quispiam
1228 2584 1392 2617 divinum
1426 2588 1463 2616 et
1496 2583 1694 2616 increatum

268 2629 394 2662 lumen
427 2630 707 2675 contempletur,
748 2633 935 2676 perspicue
978 2631 1221 2665 demonstrare
1257 2629 1376 2663 licere.
1434 2628 1695 2674 Evangelistam

269 2675 367 2710 enim
392 2674 562 2718 scribere,
595 2675 777 2713 dominum
802 2683 885 2713 ante
909 2682 1059 2714 mortem
1085 2689 1184 2713 suam
1208 2676 1389 2723 principes
1416 2674 1612 2723 discipulos
1636 2684 1693 2708 as-
