1832 3132
331 78 438 134 382
854 70 1221 131 CANTAenzrm

141 210 227 249 Δις,
243 194 450 255 ,32991'0229
476 188 756 244 ὅνομοὶζεσθαι
782 182 924 251 αὖτῇς,
951 190 1088 248 πολλῷ
1115 191 1185 247 τῷ
1199 191 1337 248 μέτρῳ
1365 191 1526 244 βέλτιον
1541 189 1616 241 καὶ
1638 192 1756 235 λυσι-

330 260 569 312 τελέστερον
589 251 654 310 ἧν,
683 252 759 307 τὴν
776 249 1100 309 ἀπραγμοσύνην
1127 257 1201 298 καὶ
1222 254 1295 311 τὴν
1320 254 1502 310 ἡσυχίαν
1528 253 1757 311 dm,
1796 253 1802 256 ⁵

332 318 554 377 Μαρτῖνόν
579 333 624 360 τε
651 319 723 376 ἐᾷν
750 321 940 372 κατέχειν
967 319 1041 360 καί
1063 317 1124 374 μή
1153 323 1436 376 παρενοχλεῖν.
1489 318 1656 372 ἐκείνως
1679 322 1758 374 μὲν

332 386 408 442 γὰρ
437 382 538 441 πρὸς
569 384 627 441 τῷ
665 381 722 438 μὴ
751 383 977 425 κόπτεσθαι
1016 381 1089 424 καὶ
1113 388 1390 440 ταλαιπωρεῖν
1427 385 1479 427 ἓν,
1512 383 1758 440 στρατείαις,

333 448 407 492 καί
444 447 580 492 ταῦτα
609 446 882 501 διαποντίοις,
927 448 1000 489 καί
1034 445 1086 489 τὰ
1116 447 1384 491 &waima-§vm
1422 447 1623 505 χρήματα
1663 449 1786 503 ἔξῆνό

334 515 576 571 κερδαίνειν·
605 514 676 555 καὶ
701 515 874 569 προσέτι
898 529 944 568 γε
972 514 1012 555 εἰ
1035 511 1094 568 μή
1123 514 1222 567 νῦν,
1251 509 1340 555 ἀλλ’
1366 505 1539 571 ὕστερόν
1564 529 1662 556 ποτε
1675 513 1778 568 -Χδύ-Ᾰ,

333 596 460 633 ναμιν
488 580 757 634 κτησαμένοις
792 583 880 629 τοῖς
902 577 1125 632 Ῥωμαίοις
1150 577 1227 633 τὴν
1254 580 1380 633 νῆσον
1405 573 1460 632 ἄν
1485 578 1581 634 ἐξῆν
1605 575 1766 622 ἀνακα-

335 648 504 688 λεῖσθαι
534 644 590 694 ὥς
617 640 933 698 ἀδικουμένοις,
973 646 1044 687 καί
1068 639 1095 700 ἢ
1124 641 1255 699 αὖτῆς
1279 645 1363 686 τῶν
1389 643 1646 705 οἷδικοιὶντφνΖ
1663 660 1768 701 κρα-

335 709 488 765 τήσασι
512 709 756 764 τυγχάνειν,
800 705 828 765 ἢ
855 710 1052 752 ἐλάσσοσι
1082 711 1166 751 τῶν
1193 706 1427 752 α’ντιπάλων
1450 710 1682 764 γενομένοις
1708 707 1766 764 μὴ

306 775 502 821 οᾶδικεῖν
523 777 794 828 νομίζεσθαι,
833 775 940 830 μηδὲ
975 775 1297 832 παρασπονδεῖν.
1349 773 1391 817 εἶ
1415 774 1490 828 δ’,
1510 822 1512 825 y
1530 769 1823 832 ὥσπερνῦνιο

337 839 470 891 ἀξιοῖς
497 837 643 893 αὐτὸς,
672 838 742 882 σοὶ
764 838 1126 896 παραχωρήσομεν
1153 840 1227 894 τῆς
1252 837 1406 894 νήσου,
1449 834 1768 896 οὖμόνθν-εἷκῇ

338 906 412 946 καί
446 902 581 959 μάτην
617 902 687 946 τόν
723 919 767 947 τε
801 903 926 947 πόνον
963 903 1146 957 ἐσόμεθα
1181 902 1451 959 πεπονηκότες
1467 905 1558 949 »καὶ
1581 901 1634 959 voi
1662 904 1798 960 χρή-,

338 985 456 1023 ματα
483 967 754 1022 ἀναλωκότες,
783 968 875 1010 ἄλλ’
904 969 994 1011 οὐδ’
1023 967 1171 1011 ἐλπίδα
1197 965 1513 1022 ὖπολειψόμεθα
1542 967 1771 1022 Ῥωμαίοις

339 1036 415 1076 τοῦ
453 1031 755 1087 ἀνασώσασθαι
781 1027 832 1075 ἄν
869 1049 963 1076 ποτε
1002 1033 1079 1088 τὴν
1106 1035 1243 1088 νῆσον·
1297 1028 1326 1089 ἢ
1355 1034 1486 1082 δοκεῖν
1513 1031 1674 1078 ἀδικεῖν
1699 1031 1774 1077 καὶ

341 1099 649 1152 παρασπονδεῖν
677 1096 751 1140 ἐάν
778 1114 823 1140 τε
845 1098 1118 1155 κρατήσωσιν,
1144 1098 1216 1140 ἐάν
1242 1114 1284 1142 τε
1310 1095 1384 1154 μή.
1412 1099 1468 1140 δι’
1495 1096 1606 1154 &8²5
1634 1097 1823 1156 πάνται5

342 1164 439 1219 μήτ’
466 1162 594 1205 αὖτὸν
620 1161 727 1218 μήτε
764 1164 904 1206 δίκαια
929 1163 1032 1218 μήτε
1061 1163 1218 1206 δυνατοὶ
1249 1166 1482 1217 αἰτεῖσθαι,
1522 1161 1619 1219 μήτ”
1647 1161 1774 1205 mirem

344 1227 554 1271 δύνασθαι
591 1219 863 1284 παρέχεσθαι·
934 1225 1023 1270 ἀλλ’
1052 1227 1083 1270 ἅ
1109 1229 1179 1271 ὑπ’
1207 1229 1338 1271 αὕτοῦ
1374 1227 1576 1285 πρότερον
1613 1226 1775 1284 ἕκριζθη,

345 1294 503 1337 δυνατά
530 1309 575 1336 τε
602 1290 707 1336 εἶναι
734 1295 806 1336 καί
831 1295 1053 1348 Ῥωμαίοις
1089 1293 1163 1335 καί
1197 1294 1307 1351 αὐτῷ
1333 1293 1537 1349 λυσιτελῆ.
1601 1294 1777 1336 Musae&-

345 1374 423 1402 του
452 1360 498 1401 δὲ
525 1358 687 1401 πάντων
703 1360 781 1412 μὲν
807 1358 1037 1415 φάσκοντος
1065 1359 1286 1414 ἀκηκοέναι
1310 1360 1394 1401 τῶν
1416 1359 1621 1412 βασιλέως
1644 1357 1776 1412 λόγων
1831 1385 1832 1391 1

346 1424 420 1467 καὶ
440 1426 766 1480 προσεσχηκέναι
796 1424 963 1477 αὐτοῖς,
990 1423 1140 1479 μηδενὶ
1166 1425 1213 1466 δὲ
1234 1425 1464 1465 πείθεσθαι
1488 1418 1642 1476 αὐτῶν,
1670 1415 1832 1470 ἆλλάασ

345 1496 434 1540 τοῖς
461 1491 505 1540 ἐξ
532 1486 668 1545 ἀρχῆς
694 1491 887 1542 ἐμμένειν
915 1490 1194 1544 δεδογμένοις,
1235 1489 1307 1530 καὶ
1341 1489 1549 1544 μηδεμιάν
1585 1487 1781 1543 ἡγεῖσθαι

1010 1549 1018 1566 l

308 1566 341 1600 D
350 1555 486 1612 χάριν
517 1553 806 1611 προσήκουσαν
847 1551 960 1611 αὗτῷ
990 1551 1015 1610 ἦ
1046 1551 1119 1610 τήν
1157 1554 1334 1609 παντελῆ
1367 1550 1670 1610 παραχώρησιν
1707 1553 1791 1614 τῆς

353 1702 373 1724 e
397 1690 481 1723 fisco
509 1701 573 1723 suo
589 1714 598 1730 ,
637 1687 701 1723 sed
725 1688 770 1721 ab
796 1688 997 1722 illustribus
1023 1677 1168 1734 quoque
1192 1688 1385 1734 separatim
1414 1688 1578 1733 impensa
1607 1698 1681 1721 non
1705 1697 1784 1721 me-

352 1737 469 1770 diocri
493 1735 586 1768 facta
602 1760 611 1776 ‚
634 1741 677 1768 ut
702 1734 811 1768 Chius
836 1735 1074 1779 reciperetur,
1100 1735 1232 1769 deinde
1260 1745 1334 1768 eam
1358 1733 1415 1770 illi
1438 1734 1655 1781 relinquere,
1678 1732 1783 1773 adeo,
1820 1767 1832 1777 ,

350 1788 395 1816 ut
418 1782 566 1815 Romani
595 1792 713 1827 neque
735 1792 850 1822 nunc,
882 1792 1001 1826 neque
1033 1780 1182 1825 posthac
1231 1780 1403 1826 uidquam
1427 1779 1513 1813 inde
1550 1778 1784 1814 emolumenti

350 1830 591 1874 perciperent,
616 1830 689 1861 imo
714 1839 781 1860 nec
803 1827 913 1861 verbo
940 1828 1063 1860 saltem
1086 1828 1184 1860 illius
1207 1793 1348 1860 tdomini
1373 1826 1651 1871 appellarentur,
1677 1826 1783 1870 longe

350 1876 480 1920 utique
505 1875 632 1907 melius
655 1879 691 1906 et
715 1873 979 1907 conducibilius
1005 1874 1137 1914 fuisse,
1173 1873 1299 1918 procul
1321 1873 1476 1917 negotiis
1503 1873 1663 1918 quietem
1697 1882 1785 1917 per-

350 1921 455 1967 sequi
481 1920 746 1965 Martinumque
765 1919 852 1953 'eam
880 1921 1035 1953 retinere
1063 1920 1203 1964 perpeti
1230 1924 1266 1953 et
1288 1918 1385 1953 nihil
1408 1918 1601 1963 turbarum,
1617 1918 1783 1951 excitare.

351 1968 412 2001 Sic
430 1978 582 2011 namque
608 1972 645 2000 et
669 1966 928 2011 defatigatione
953 1977 994 1998 ac
1017 1965 1140 1999 labore
1167 1965 1410 2010 expeditionis
1424 1964 1545 2006 huius,
1573 1970 1611 2000 et
1636 1963 1786 2010 quidem
1819 1966 1822 1968 ’

350 2013 577 2052 maritimae,
615 2018 652 2045 et
673 2017 861 2056 praeterea
899 2017 1131 2057 consumptae
1159 2012 1335 2056 pecuniae
1359 2011 1584 2055 supersederi
1609 2011 1784 2057 potuisse.

350 2059 454 2093 Adde
481 2058 596 2103 quod,
617 2059 647 2091 si
671 2069 745 2091 non
768 2057 838 2091 hoc
862 2063 1037 2103 tempore,
1063 2064 1100 2091 at
1123 2058 1318 2103 aliquando
1347 2057 1527 2099 Romanis,
1551 2062 1594 2092 ut
1616 2056 1787 2090 iniuriam

350 2105 491 2151 passis,
530 2109 732 2149 comparato
769 2106 928 2138 exercitu
963 2104 1116 2138 insulam
1147 2115 1359 2149 recuperare
1395 2102 1542 2146 licebit3
1583 2108 1620 2138 et
1654 2102 1712 2136 vel
1744 2113 1786 2135 ea

350 2151 478 2195 potitis
514 2151 569 2183 ius
604 2161 708 2183 suum
747 2150 934 2192 obtinere,
982 2151 1040 2184 vel
1081 2151 1246 2196 potentia
1279 2150 1562 2185 adversariorum
1595 2149 1801 2194 superatis,

351 2208 472 2242 neque
510 2207 698 2241 perperam
733 2198 863 2241 egisse,
903 2208 1022 2242 neque
1068 2196 1194 2230 foedus
1228 2196 1381 2231 violasse
1413 2196 1630 2230 existimari.
1702 2194 1786 2235 Sin,

353 2242 453 2297 quod
478 2247 518 2275 tu
541 2254 637 2275 nunc
660 2244 838 2287 postulas,
863 2244 982 2276 insula
1005 2243 1075 2276 tibi
1090 2254 1258 2284 cessero,
1290 2247 1541 2289 praeterquam
1569 2241 1667 2288 quod
1691 2246 1787 2274 tem-

350 2300 419 2334 pus
446 2293 482 2321 et
506 2289 666 2333 impensa
691 2289 823 2333 periit,
850 2290 950 2323 nulla
977 2301 1057 2334 spes
1083 2291 1159 2323 eius
1184 2301 1234 2322 un
1262 2301 1343 2322 uam
1370 2287 1596 2333 recipiendae
1621 2286 1786 2321 Romanis

351 2335 596 2380 relinquetur;
636 2340 697 2368 aut
721 2340 843 2368 contra
879 2336 930 2369 fas
966 2347 1069 2380 agere
1097 2341 1134 2369 et
1170 2335 1228 2368 foe
1257 2335 1388 2380 ifragos
1418 2333 1545 2367 haberi
1580 2333 1788 2378 oportebit,

351 2381 426 2414 sive
456 2391 533 2413 eam
558 2381 809 2421 obtinuerint,
844 2383 917 2415 sive
942 2394 1015 2416 non
1049 2382 1287 2416 obtinuerint.
1335 2381 1400 2414 His
1429 2379 1474 2414 de
1509 2381 1624 2414 causis
1656 2390 1724 2413 nec
1746 2383 1787 2412 tu

351 2428 447 2460 iusta
470 2432 507 2460 et
531 2439 620 2472 quae
647 2428 724 2460 fieri
749 2434 899 2472 possunt
922 2429 1036 2473 petis,
1073 2439 1140 2461 nec
1158 2439 1228 2473 *ego
1254 2438 1400 2472 possum
1424 2426 1631 2460 concedere.
1681 2426 1785 2471 Quae

353 2478 473 2506 autem
497 2475 596 2517 prius
622 2485 642 2506 a
669 2485 725 2507 me
751 2479 885 2507 statuta
910 2481 1015 2515 sunt,
1041 2485 1082 2507 ea
1107 2474 1186 2506 fieri
1212 2478 1350 2518 queunt
1374 2477 1410 2506 et
1432 2484 1513 2506 cum
1538 2483 1582 2505 ex
1606 2473 1786 2505 Romano-

352 2531 451 2558 rum,
484 2524 562 2552 tum
595 2520 703 2553 etiam
729 2532 771 2553 cx
796 2531 834 2553 re
868 2526 930 2554 tua
963 2525 1055 2554 sunt.
1105 2520 1173 2553 Hic
1207 2519 1443 2560 Benedictus,
1478 2517 1621 2552 audisse
1646 2522 1784 2551 attente

353 2566 496 2605 omnia,
522 2577 613 2611 quae
638 2565 787 2599 dixisset
810 2568 1024 2611 imperator,
1059 2565 1122 2600 sed
1146 2566 1191 2598 iis
1216 2577 1283 2599 nec
1306 2565 1423 2598 hilum
1448 2564 1662 2598 commoveri
1700 2574 1785 2607 per-

356 2616 522 2657 stareque
548 2613 586 2645 in
614 2612 728 2657 prima
762 2615 941 2646 sententia
968 2619 1010 2648 et,
1041 2614 1093 2646 ita
1119 2613 1277 2652 sentire,
1311 2612 1383 2645 nisi
1418 2616 1495 2645 tota
1525 2611 1644 2645 insula
1669 2609 1784 2650 detur,

356 2657 456 2690 nulla
493 2669 598 2703 posse
628 2660 766 2693 meritis
800 2660 873 2697 suis
907 2659 1014 2704 digna
1044 2659 1201 2704 praemia
1237 2657 1397 2704 rependi.
1457 2657 1606 2699 Solent,
1629 2683 1632 2685 >
1653 2656 1787 2702 excipit
