1852 3146
332 99 444 155 208
863 108 1236 170 CANTAcozEm

137 228 222 266 ΑΒ.
236 220 323 266 1326
333 214 572 271 πράγματος
597 210 792 264 ἀναθεὶς,
840 208 933 252 ἐπεὶ
960 210 1178 267 ἐπέτρεπεν
1207 212 1382 265 ἐκεῖνος,
1426 210 1486 260 εἰς
1511 208 1767 268 memmi-³

328 296 427 329 νους
450 277 538 332 ἅμα
561 276 731 332 γυναικὶ
749 274 913 319 ἐλθόντι
942 278 1002 333 τῷ
1020 275 1216 331 Μιχαὴλ,
1245 275 1483 331 συνεγένετό
1500 293 1545 319 τε
1571 276 1762 320 καὶσυν-

329 348 539 400 διέτριψεν
575 343 718 392 αὖτοῖς
756 341 779 384 ὅ
804 339 1001 396 βασιλεὺς
1027 342 1095 398 ἐφ’
1120 341 1295 397 ἡμέραις
1323 338 1447 383 ὀκτώ·
1490 345 1769 398 συνησθέντες

327 413 374 453 δὲ
401 408 591 463 ἀλλήλοις
615 406 651 449 οἱ
674 411 881 462 βασιλεῖς,
930 404 1035 460 μετά
1058 408 1180 448 τοῦτο
1212 405 1464 461 διελύθησαν
1484 404 1677 464 ἑκάτερος
1702 408 1769 449 ἐπ’
1795 462 1798 466 ⁴

328 473 467 518 οἴκου.
507 474 566 523 εἰς
602 471 909 526 Διδυμότειχον
944 473 990 513 δὲ
1019 470 1293 527 Ἀνδρόνικος
1318 471 1342 513 ὅ
1379 471 1579 526 βασιλεὺς
1614 471 1794 527 ἐλθών,5

285 537 442 596 Οπαρά
468 539 549 581 τῶν
586 540 630 580 ἐν
653 537 873 595 Βυζαντίῳ
904 538 1038 593 φιλων
1067 531 1188 592 εὗρεν
1220 530 1389 591 ἄγγελον
1417 533 1668 593 ἀφιγμένον,
1706 533 1770 579 ὅτι

327 603 526 661 βασιλεὺς
554 602 578 645 ὅ
605 602 882 658 πρεσβύτερος
910 602 992 644 οἷπό
1018 617 1141 644 τινων
1165 600 1403 657 τεκμηρίων
1435 603 1508 645 καὶ
1533 602 1666 658 λόγων
1698 597 1772 644 εἶν’-

329 669 454 725 δηλός
488 671 578 712 ἐστι
622 669 927 723 πολεμησείων,
980 663 1288 722 ἆπαγγέλλοντα
1321 664 1425 723 πρὸς
1461 667 1609 711 αὐτόν.
1668 664 1770 723 ὅπερ

328 735 510 785 οἰκούσας
536 733 559 775 ὅ
586 731 786 789 βασιλεύς
801 767 815 788 ,
852 732 1120 789 ἐξεπέπληκτο
1141 734 1220 786 μὲν
1249 730 1383 782 εὐθύς
1407 731 1485 788 τὴν
1505 729 1680 776 ἀτοπίαν
1697 734 1774 788 τῆς

329 800 547 856 ἀγγελίας,
591 798 791 854 ἦπίστησε
819 800 865 840 δὲ
901 795 1028 851 ὅμως.
1055 803 1152 846 »τοῖς
1181 798 1226 839 δὲ
1257 796 1397 853 φίλοις
1422 797 1608 840 ἐκέλευεν
1633 793 1826 852 οἷπαγ-ιο

328 867 499 921 γέλλειν,
514 864 572 914 ὥς
595 860 724 914 αὐτὸς
750 865 828 917 μὲν
851 863 1004 919 πολλὴν
1030 858 1083 905 ἂν
1106 863 1250 912 αὔτοῖς
1270 865 1342 917 τῆς
1365 864 1426 912 εἰς
1456 861 1587 906 αὐτὸν
1607 862 1773 912 εὐνοίας

329 930 459 986 εἰδείη
496 929 649 985 χάριν,
699 928 769 971 διὰ
802 931 848 972 δὲ
884 928 930 971 τὸ
967 928 1131 985 σφόδρα
1165 928 1223 983 μὴ
1255 929 1484 983 βούλεσθαι
1513 927 1566 971 τὰ
1595 930 1774 972 τοιαῦτα

326 1002 412 1045 τοῖς
431 997 664 1050 λεγομένοις
691 992 892 1037 άπιστεῖν·
922 997 1015 1036 δέον
1037 996 1083 1036 δὲ
1107 993 1260 1043 αὐτοὺς
1282 993 1391 1036 πάνυ
1415 995 1639 1051 φιλοῦντας
1655 994 1775 1050 ἄκρι-

327 1060 505 1118 βεστάτῃ
530 1060 699 1118 βασάνῳ
727 1058 773 1101 τὸ
809 1061 982 1116 πρᾶγμα
1007 1061 1167 1114 δοῦναι,
1204 1061 1276 1101 καί
1303 1056 1340 1113 δ’,
1356 1075 1396 1102 τι
1423 1056 1477 1103 ἂν
1502 1061 1618 1118 φανῇ
1641 1061 1776 1116 σαφὲς

329 1127 612 1180 ἀπαγγέλλειν.
641 1131 728 1174 τοῖς
750 1126 829 1178 μὲν
852 1121 927 1167 οὖν
949 1127 994 1167 ἐν
1012 1124 1233 1182 Βυζαντίῳ
1258 1124 1397 1182 φίλοις
1418 1124 1442 1167 ὅ
1462 1124 1662 1179 βασιλεῦς
1674 1125 1831 1169 ἐπέ-15

328 1206 482 1246 σκηπτε
504 1191 690 1232 τοιαῦτα.
718 1187 805 1243 ἅμα
829 1188 889 1232 δὲ’
905 1191 1131 1247 δομεστίκῳ
1150 1191 1210 1247 τῷ
1230 1189 1397 1247 μεγάλῳ
1416 1189 1488 1232 καὶ
1507 1189 1777 1247 πρωτοστρά-
1811 1233 1815 1236 ,

294 1265 428 1312 Βτορι
461 1253 746 1308 συνελθόντες,
789 1251 1038 1310 οἷνηρεύνων,
1071 1254 1113 1296 εἴ
1141 1271 1184 1297 τι
1211 1257 1437 1298 συνειδεῖεν
1464 1252 1631 1305 ἑαυτοῖς
1663 1250 1777 1307 ἄξιον

331 1323 513 1374 πολέμου
537 1322 834 1376 εἰργασμένοις,
867 1318 891 1362 ὃ
921 1319 995 1362 καί
1020 1319 1094 1362 τὸν
1126 1322 1302 1374 βασιλέα
1330 1319 1405 1375 τὴν
1426 1319 1593 1377 εἰρήνην
1611 1316 1666 1363 ἂν
1686 1321 1779 1362 πεί-
1815 1365 1817 1368 ⁴

330 1402 417 1429 σειε
440 1387 694 1428 καταλῦσαι·
722 1385 854 1427 πολλά
886 1401 932 1427 τε
957 1384 1030 1427 καὶ
1054 1386 1250 1435 πολλάκις
1278 1384 1352 1427 τὸν
1377 1379 1479 1441 ἄχρι
1506 1383 1602 1428 τότε
1626 1383 1778 1443 χρόνον

331 1451 593 1502 ἐξετάσαντες
624 1449 706 1492 οἷπὸ
731 1452 815 1492 τῶν
843 1451 1054 1503 σπονδῶν,
1081 1450 1139 1508 τῷ
1163 1453 1335 1503 βασιλεῖ’
1367 1448 1427 1506 μὴ
1471 1445 1559 1493 οὔτ’
1591 1451 1649 1493 ἐκ·
1678 1462 1838 1507 προ-αα

333 1518 512 1573 φανοῦς,
547 1510 635 1558 οὔτ’
656 1518 701 1566 ἐξ
722 1513 880 1571 οἷδήλου
904 1513 1156 1571 προφάσεως
1181 1511 1374 1570 εὕρισκον
1396 1517 1781 1572 προσκεκρουκέναι.

334 1581 535 1639 ᾠήθησαν
562 1582 609 1623 δὲ
644 1577 759 1633 ὅμως
786 1579 869 1622 άπὸ
895 1579 1091 1635 τοιαύτης
1124 1580 1261 1629 αἰτίας
1297 1578 1546 1634 ἐνδέχεσθαι
1570 1579 1782 1637 πρόφασιν

335 1643 405 1687 τὸν
431 1646 607 1698 πόλεμον
633 1641 685 1686 ἂν
711 1651 843 1699 σχεῖν.
888 1669 894 1671 -
1440 1677 1442 1684 ,
1523 1651 1526 1653 ’

209 1713 328 1763 P.{129
445 1709 527 1764 μγ’.
568 1711 633 1765 Τῷ
655 1709 805 1767 πρώτῳ
830 1709 1142 1763 βεβασιλευκότι
1177 1708 1399 1763 Ῥωμαίων
1425 1708 1705 1768 Παλαιολόγῳ
1723 1711 1784 1768 τῷ

336 1777 520 1830 Μιχαὴλ
549 1770 722 1831 ἄρ’ῥενες
745 1780 858 1831 τρεῖς
883 1775 1143 1831 γεγέννηνται
1162 1776 1320 1829 παῖδες,
1349 1770 1470 1826 οὗτός
1491 1791 1536 1819 τε
1559 1774 1581 1818 ὅ
1596 1779 1684 1830 μετ’
1703 1772 1835 1820 (εὖ-25

337 1911 377 1934 re
404 1899 594 1933 certiorem
619 1898 716 1932 fecit.
768 1898 861 1933 Avus
887 1900 926 1933 id
950 1899 994 1934 ad
1020 1901 1097 1934 eius
1128 1899 1317 1934 arbitrium
1340 1899 1476 1935 reiecit.
1523 1898 1680 1933 Michael
1702 1911 1784 1934 cum

337 1946 489 1991 coniuge
503 1945 803 1980 Tzernomianum
825 1947 948 1981 venit:
976 1947 1030 1980 ibi
1056 1947 1132 1980 dies
1158 1953 1239 1981 octo
1264 1959 1343 1980 cum
1368 1947 1457 1993 ipsis
1481 1946 1678 1991 imperator
1702 1957 1785 1980 ver-

337 1998 434 2025 satus
463 1997 527 2026 est.
577 1991 665 2025 Inde
690 1997 773 2036 post
795 1999 957 2026 mutuam
979 1991 1201 2026 hilaritatem
1227 1994 1479 2040 laetitiamque
1504 1992 1689 2038 digressis,
1713 1993 1786 2026 im·-

334 2044 483 2083 perator
514 2037 764 2081 Didymotichi
798 2040 967 2072 nuntium
1006 2040 1051 2073 ab
1084 2041 1207 2074 amicis
1241 2040 1410 2083 Byzantio
1443 2040 1590 2073 missum
1626 2038 1785 2080 invenit,

335 2095 463 2124 avum,
490 2084 589 2129 quod
613 2095 632 2117 e
658 2083 877 2129 quibusdam
903 2085 1051 2119 indiciis
1094 2090 1130 2118 et
1162 2086 1388 2120 sermonibus
1424 2086 1502 2119 eius
1525 2086 1655 2119 liceret
1678 2084 1786 2118 eolli-

338 2140 444 2175 gerc,
467 2130 605 2163 bellum
644 2132 679 2164 ei
713 2135 906 2164 moturum.
956 2131 1039 2176 Qua
1074 2133 1126 2164 rei
1162 2133 1324 2167 novitate
1349 2133 1468 2166 statim
1493 2131 1784 2175 obstupefactus,

339 2175 486 2209 credere
518 2176 665 2209 distulit
695 2177 893 2222 amicisque
917 2178 1118 2211 renuntiari
1142 2179 1270 2220 iussit,
1297 2190 1334 2213 se
1359 2180 1432 2212 illis
1457 2178 1502 2212 de
1528 2177 1786 2212 benevolentia

338 2233 483 2267 magnas
503 2221 639 2256 habere
659 2223 804 2267 gratias;
832 2222 937 2257 dictis
956 2224 1039 2257 ideo
1063 2224 1172 2257 fidem
1194 2236 1268 2258 non
1289 2225 1462 2265 tribuere,
1487 2224 1586 2271 quod
1609 2234 1663 2264 ea,
1692 2233 1786 2269 quae

343 2268 562 2310 dicerentur,
586 2267 817 2302 vehementer
830 2270 954 2302 nollet.
1002 2271 1138 2303 Decere
1163 2271 1272 2315 ipsos,
1297 2276 1339 2304 ut
1363 2271 1606 2310 amicissimos,
1631 2280 1706 2303 rem
1729 2280 1787 2302 ac·

344 2315 566 2348 curatissime
589 2314 756 2359 indagare
782 2315 952 2361 quodque
976 2315 1073 2349 haud
1098 2316 1209 2350 dubie
1233 2328 1355 2351 verum
1379 2317 1654 2361 comperissent,
1678 2325 1786 2359 super

342 2372 385 2394 eo
412 2371 566 2394 monere.
628 2360 725 2393 Haec
760 2361 824 2393 ille
857 2362 979 2397 amicis
1008 2363 1228 2405 Byzantium.
1296 2364 1484 2408 Congressi
1523 2361 1657 2396 deinde
1688 2361 1783 2405 ipsi,
1823 2383 1827 2388 »

339 2418 488 2451 magnus
511 2406 727 2439 domesticus
759 2412 796 2439 et
816 2413 1057 2451 protostrator
1071 2434 1080 2449 ‚
1115 2408 1385 2449 scrutabantur,
1408 2409 1439 2442 si
1459 2408 1602 2452 culpam
1626 2409 1784 2441 comme-

340 2453 499 2486 ruissent
518 2453 676 2498 aliquam
690 2477 699 2493 ‚
728 2463 818 2497 quae
836 2465 952 2494 avum,
975 2461 1080 2498 rupta
1101 2466 1201 2498 pace,
1233 2455 1278 2488 ad
1306 2455 1443 2488 bellum
1466 2456 1544 2488 iure
1561 2459 1782 2499 provocaret.

339 2499 424 2533 Post
458 2499 601 2544 longam
635 2503 672 2531 et
712 2498 873 2532 crebram
902 2500 1177 2545 inquisitionem
1204 2512 1317 2545 usque
1351 2513 1372 2534 a
1406 2501 1553 2534 foedere
1585 2501 1784 2544 composito

341 2545 389 2578 ad
407 2544 510 2577 illum
531 2544 627 2578 diem
649 2555 716 2577 nec
737 2550 870 2589 aperta,
897 2557 964 2578 nec
986 2547 1126 2580 occulta
1146 2547 1332 2581 occasione
1353 2559 1391 2580 se
1409 2547 1486 2580 eius
1507 2546 1595 2580 iram
1610 2547 1783 2580 meruisse

341 2591 587 2627 inveniebant,
607 2590 870 2624 Existimabant
886 2592 1001 2624 nihilo
1016 2593 1132 2625 minus
1154 2605 1174 2626 a
1194 2593 1260 2626 tali
1279 2604 1384 2627 causa
1395 2592 1534 2626 bellum
1554 2593 1654 2626 nasci
1664 2603 1785 2637 posse·

435 2636 488 2681 43.
536 2636 707 2670 Michaeli
740 2637 857 2681 primo
895 2639 1134 2671 Romanorum
1159 2639 1369 2684 imperatori
1394 2639 1606 2683 Palaeologo
1632 2638 1784 2673 fuerunt

343 2683 413 2717 filii
435 2683 514 2718 nati
537 2688 621 2723 tres,
643 2681 869 2717 Andronicus
893 2683 980 2726 iste,
1006 2684 1070 2730 qui
1094 2689 1178 2730 post
1198 2690 1385 2731 parentem
1407 2685 1654 2733 imperitavit,
1682 2684 1781 2732 Con·¹
