<?xml version="1.0" encoding="UTF-8"?>
<!DOCTYPE html PUBLIC "-//W3C//DTD XHTML 1.0 Transitional//EN"
    "http://www.w3.org/TR/xhtml1/DTD/xhtml1-transitional.dtd">
<html xmlns="http://www.w3.org/1999/xhtml" xml:lang="en" lang="en">
 <head>
  <title>
</title>
<meta http-equiv="Content-Type" content="text/html;charset=utf-8" />
  <meta name='ocr-system' content='tesseract 3.04.00' />
  <meta name='ocr-capabilities' content='ocr_page ocr_carea ocr_par ocr_line ocrx_word'/>
</head>
<body>
  <div class='ocr_page' id='page_1' title='image "./corpusscriptorum23niebuoft_0410.png"; bbox 0 0 1832 3132; ppageno 0'>
   <div class='ocr_carea' id='block_1_1' title="bbox 319 69 1217 128">
    <p class='ocr_par' dir='ltr' id='par_1_1' title="bbox 319 69 1217 128">
     <span class='ocr_line' id='line_1_1' title="bbox 319 69 1217 128; baseline -0.001 -1"><span class='ocrx_word' id='word_1_1' title='bbox 319 69 430 127; x_wconf 83' lang='lat'><strong>368</strong></span> <span class='ocrx_word' id='word_1_2' title='bbox 846 82 1217 128; x_wconf 69' lang='lat' dir='ltr'><strong>CANTAcUzmr</strong></span> 
     </span>
    </p>
   </div>
   <div class='ocr_carea' id='block_1_2' title="bbox 128 177 1814 1745">
    <p class='ocr_par' dir='ltr' id='par_1_2' title="bbox 128 177 1780 767">
     <span class='ocr_line' id='line_1_2' title="bbox 128 177 1750 245; baseline 0.002 -15"><span class='ocrx_word' id='word_1_3' title='bbox 128 196 314 243; x_wconf 76' lang='lat' dir='ltr'><strong>A.C.1329</strong></span> <span class='ocrx_word' id='word_1_4' title='bbox 325 191 516 245; x_wconf 78' lang='grc' dir='ltr'><strong><em>μέστικος</em></strong></span> <span class='ocrx_word' id='word_1_5' title='bbox 544 183 643 243; x_wconf 73' lang='grc' dir='ltr'><strong><em>περὶ</em></strong></span> <span class='ocrx_word' id='word_1_6' title='bbox 672 177 730 228; x_wconf 78' lang='grc' dir='ltr'><strong>ὧν</strong></span> <span class='ocrx_word' id='word_1_7' title='bbox 757 181 914 227; x_wconf 73' lang='grc' dir='ltr'><strong><em>ἔσοιντο</em></strong></span> <span class='ocrx_word' id='word_1_8' title='bbox 947 185 986 227; x_wconf 86' lang='grc' dir='ltr'><strong><em>οἱ</em></strong></span> <span class='ocrx_word' id='word_1_9' title='bbox 1011 183 1125 241; x_wconf 89' lang='grc' dir='ltr'><strong><em>λόγοι</em></strong></span> <span class='ocrx_word' id='word_1_10' title='bbox 1146 185 1399 243; x_wconf 77' lang='grc' dir='ltr'><strong><em>συμβαλών,</em></strong></span> <span class='ocrx_word' id='word_1_11' title='bbox 1426 183 1575 244; x_wconf 80' lang='grc' dir='ltr'><strong><em>ἆνίστη</em></strong></span> <span class='ocrx_word' id='word_1_12' title='bbox 1600 203 1646 233; x_wconf 71' lang='grc' dir='ltr'><strong><em>τε</em></strong></span> <span class='ocrx_word' id='word_1_13' title='bbox 1674 189 1750 235; x_wconf 82' lang='grc' dir='ltr'><strong>τὸν</strong></span> 
     </span>
     <span class='ocr_line' id='line_1_3' title="bbox 317 249 1752 310; baseline -0.001 -13"><span class='ocrx_word' id='word_1_14' title='bbox 317 253 492 310; x_wconf 80' lang='grc' dir='ltr'><strong><em>βασιλέα</em></strong></span> <span class='ocrx_word' id='word_1_15' title='bbox 515 253 592 294; x_wconf 80' lang='grc' dir='ltr'><strong><em>τοῦ</em></strong></span> <span class='ocrx_word' id='word_1_16' title='bbox 616 251 859 307; x_wconf 85' lang='grc' dir='ltr'><strong><em>συνεδρίου,</em></strong></span> <span class='ocrx_word' id='word_1_17' title='bbox 895 249 955 301; x_wconf 76' lang='grc' dir='ltr'><strong>ῶς</strong></span> <span class='ocrx_word' id='word_1_18' title='bbox 975 251 1079 307; x_wconf 82' lang='grc' dir='ltr'><strong><em>περί</em></strong></span> <span class='ocrx_word' id='word_1_19' title='bbox 1097 268 1208 301; x_wconf 87' lang='grc' dir='ltr'><strong><em>τινος</em></strong></span> <span class='ocrx_word' id='word_1_20' title='bbox 1227 253 1454 308; x_wconf 70' lang='grc' dir='ltr'><strong><em>ἀναγκαίου</em></strong></span> <span class='ocrx_word' id='word_1_21' title='bbox 1476 257 1641 308; x_wconf 81' lang='grc' dir='ltr'><strong><em>μέλλων</em></strong></span> <span class='ocrx_word' id='word_1_22' title='bbox 1657 257 1752 298; x_wconf 64' lang='grc' dir='ltr'><strong><em>δὶα,-</em></strong></span> 
     </span>
     <span class='ocr_line' id='line_1_4' title="bbox 317 314 1752 377; baseline 0.001 -14"><span class='ocrx_word' id='word_1_23' title='bbox 317 321 532 371; x_wconf 81' lang='grc' dir='ltr'><strong><em>λέξεσθαι,</em></strong></span> <span class='ocrx_word' id='word_1_24' title='bbox 574 318 649 358; x_wconf 81' lang='grc' dir='ltr'><strong><em>καί</em></strong></span> <span class='ocrx_word' id='word_1_25' title='bbox 678 314 806 369; x_wconf 87' lang='grc' dir='ltr'><strong><em>μόνον</em></strong></span> <span class='ocrx_word' id='word_1_26' title='bbox 844 314 1128 373; x_wconf 76' lang='grc' dir='ltr'><strong><em>παραλαβών,</em></strong></span> <span class='ocrx_word' id='word_1_27' title='bbox 1167 314 1314 373; x_wconf 79' lang='grc' dir='ltr'><strong><em>ὥρκιζε</em></strong></span> <span class='ocrx_word' id='word_1_28' title='bbox 1348 317 1422 361; x_wconf 86' lang='grc' dir='ltr'><strong>τόν</strong></span> <span class='ocrx_word' id='word_1_29' title='bbox 1453 317 1580 374; x_wconf 80' lang='grc' dir='ltr'><strong><em>θεὸν,</em></strong></span> <span class='ocrx_word' id='word_1_30' title='bbox 1619 323 1752 377; x_wconf 84' lang='grc' dir='ltr'><strong><em>μηδὲν</em></strong></span> 
     </span>
     <span class='ocr_line' id='line_1_5' title="bbox 313 376 1754 442; baseline 0.001 -16"><span class='ocrx_word' id='word_1_31' title='bbox 313 382 416 440; x_wconf 84' lang='grc' dir='ltr'><strong><em>πρὸς</em></strong></span> <span class='ocrx_word' id='word_1_32' title='bbox 440 381 538 432; x_wconf 78' lang='grc' dir='ltr'><strong>τούς</strong></span> <span class='ocrx_word' id='word_1_33' title='bbox 565 382 807 438; x_wconf 80' lang='grc' dir='ltr'><strong><em>εἰρημένους</em></strong></span> <span class='ocrx_word' id='word_1_34' title='bbox 839 380 937 438; x_wconf 78' lang='grc' dir='ltr'><strong><em>περὶ</em></strong></span> <span class='ocrx_word' id='word_1_35' title='bbox 966 376 1025 424; x_wconf 77' lang='grc' dir='ltr'><strong>ὦν</strong></span> <span class='ocrx_word' id='word_1_36' title='bbox 1054 380 1244 436; x_wconf 80' lang='grc' dir='ltr'><strong><em>βούλοιτο</em></strong></span> <span class='ocrx_word' id='word_1_37' title='bbox 1273 384 1430 438; x_wconf 78' lang='grc' dir='ltr'><strong><em>εἰπεῖν,</em></strong></span> <span class='ocrx_word' id='word_1_38' title='bbox 1464 382 1522 435; x_wconf 80' lang='grc' dir='ltr'><strong>ῶς</strong></span> <span class='ocrx_word' id='word_1_39' title='bbox 1548 385 1754 442; x_wconf 72' lang='grc' dir='ltr'><strong><em>ὠφελείας</em></strong></span> 
     </span>
     <span class='ocr_line' id='line_1_6' title="bbox 315 445 1780 505; baseline 0.003 -15"><span class='ocrx_word' id='word_1_40' title='bbox 315 449 514 501; x_wconf 78' lang='grc' dir='ltr'><strong><em>οὐδεμιᾶς</em></strong></span> <span class='ocrx_word' id='word_1_41' title='bbox 547 447 594 489; x_wconf 78' lang='grc' dir='ltr'><strong><em>ἐκ</em></strong></span> <span class='ocrx_word' id='word_1_42' title='bbox 625 447 708 488; x_wconf 88' lang='grc' dir='ltr'><strong>τῶν</strong></span> <span class='ocrx_word' id='word_1_43' title='bbox 747 445 881 502; x_wconf 84' lang='grc' dir='ltr'><strong><em>λόγων</em></strong></span> <span class='ocrx_word' id='word_1_44' title='bbox 943 449 1150 503; x_wconf 79' lang='grc' dir='ltr'><strong><em>ἐσομένης.</em></strong></span> <span class='ocrx_word' id='word_1_45' title='bbox 1197 447 1238 489; x_wconf 84' lang='grc' dir='ltr'><strong>εἰ</strong></span> <span class='ocrx_word' id='word_1_46' title='bbox 1265 445 1345 504; x_wconf 70' lang='grc' dir='ltr'><strong>γάρ</strong></span> <span class='ocrx_word' id='word_1_47' title='bbox 1383 450 1479 505; x_wconf 78' lang='grc' dir='ltr'><strong>ἕνῆν</strong></span> <span class='ocrx_word' id='word_1_48' title='bbox 1509 449 1592 492; x_wconf 81' lang='grc' dir='ltr'><strong>ὖπό</strong></span> <span class='ocrx_word' id='word_1_49' title='bbox 1628 453 1780 495; x_wconf 73' lang='grc' dir='ltr'><strong><em>τινωνό</em></strong></span> 
     </span>
     <span class='ocr_line' id='line_1_7' title="bbox 313 507 1756 574; baseline 0.002 -19"><span class='ocrx_word' id='word_1_50' title='bbox 313 515 567 569; x_wconf 73' lang='grc' dir='ltr'><strong><em>πεισθῆναι,</em></strong></span> <span class='ocrx_word' id='word_1_51' title='bbox 593 514 751 566; x_wconf 81' lang='grc' dir='ltr'><strong><em>μᾶλλον</em></strong></span> <span class='ocrx_word' id='word_1_52' title='bbox 778 509 830 554; x_wconf 78' lang='grc' dir='ltr'><strong>ἂν</strong></span> <span class='ocrx_word' id='word_1_53' title='bbox 853 514 936 555; x_wconf 87' lang='grc' dir='ltr'><strong>τῶν</strong></span> <span class='ocrx_word' id='word_1_54' title='bbox 963 507 1100 555; x_wconf 74' lang='grc' dir='ltr'><strong><em>ἄλλων</em></strong></span> <span class='ocrx_word' id='word_1_55' title='bbox 1124 509 1288 555; x_wconf 78' lang='grc' dir='ltr'><strong><em>πάντων</em></strong></span> <span class='ocrx_word' id='word_1_56' title='bbox 1304 513 1494 557; x_wconf 78' lang='grc' dir='ltr'><strong><em>ἐπείθετο</em></strong></span> <span class='ocrx_word' id='word_1_57' title='bbox 1518 510 1647 574; x_wconf 52' lang='lat' dir='ltr'><strong>mit&amp;</strong></span> <span class='ocrx_word' id='word_1_58' title='bbox 1672 513 1756 558; x_wconf 61' lang='grc' dir='ltr'><strong>ἀὖ-</strong></span> 
     </span>
     <span class='ocr_line' id='line_1_8' title="bbox 314 576 1756 635; baseline 0.001 -15"><span class='ocrx_word' id='word_1_59' title='bbox 314 581 391 621; x_wconf 80' lang='grc' dir='ltr'><strong><em>τοῦ</em></strong></span> <span class='ocrx_word' id='word_1_60' title='bbox 419 579 465 620; x_wconf 82' lang='grc' dir='ltr'><strong>δὲ</strong></span> <span class='ocrx_word' id='word_1_61' title='bbox 491 580 536 620; x_wconf 86' lang='grc' dir='ltr'><strong>έκ</strong></span> <span class='ocrx_word' id='word_1_62' title='bbox 566 579 729 620; x_wconf 89' lang='grc' dir='ltr'><strong><em>πολλῶν</em></strong></span> <span class='ocrx_word' id='word_1_63' title='bbox 759 576 833 620; x_wconf 78' lang='grc' dir='ltr'><strong><em>καί</em></strong></span> <span class='ocrx_word' id='word_1_64' title='bbox 863 578 1050 632; x_wconf 76' lang='grc' dir='ltr'><strong><em>συνεχῶν</em></strong></span> <span class='ocrx_word' id='word_1_65' title='bbox 1087 577 1264 630; x_wconf 76' lang='grc' dir='ltr'><strong><em>ὁμιλιῶν</em></strong></span> <span class='ocrx_word' id='word_1_66' title='bbox 1296 579 1420 621; x_wconf 85' lang='grc' dir='ltr'><strong><em>πλέον</em></strong></span> <span class='ocrx_word' id='word_1_67' title='bbox 1450 577 1649 635; x_wconf 80' lang='grc' dir='ltr'><strong><em>ἦνυκότος</em></strong></span> <span class='ocrx_word' id='word_1_68' title='bbox 1681 581 1756 623; x_wconf 77' lang='grc' dir='ltr'><strong><em>οὕ-</em></strong></span> 
     </span>
     <span class='ocr_line' id='line_1_9' title="bbox 317 638 1756 700; baseline 0.002 -14"><span class='ocrx_word' id='word_1_69' title='bbox 317 647 402 699; x_wconf 81' lang='grc' dir='ltr'><strong><em>δὲν,</em></strong></span> <span class='ocrx_word' id='word_1_70' title='bbox 434 643 670 697; x_wconf 78' lang='grc' dir='ltr'><strong><em>θαυμάζειν</em></strong></span> <span class='ocrx_word' id='word_1_71' title='bbox 703 646 743 686; x_wconf 92' lang='grc' dir='ltr'><strong>εἰ</strong></span> <span class='ocrx_word' id='word_1_72' title='bbox 765 639 918 700; x_wconf 75' lang='grc' dir='ltr'><strong><em>ἑτέροις</em></strong></span> <span class='ocrx_word' id='word_1_73' title='bbox 945 641 1053 685; x_wconf 71' lang='grc' dir='ltr'><strong><em>τισὶν</em></strong></span> <span class='ocrx_word' id='word_1_74' title='bbox 1083 638 1234 697; x_wconf 74' lang='grc' dir='ltr'><strong><em>ἤλπισε</em></strong></span> <span class='ocrx_word' id='word_1_75' title='bbox 1263 645 1389 685; x_wconf 81' lang='grc' dir='ltr'><strong><em>τοῦτο</em></strong></span> <span class='ocrx_word' id='word_1_76' title='bbox 1417 646 1610 698; x_wconf 59' lang='grc' dir='ltr'><strong><em>γενέσθαι</em></strong></span> <span class='ocrx_word' id='word_1_77' title='bbox 1627 647 1756 690; x_wconf 59' lang='grc' dir='ltr'><strong><em>δυνατ·</em></strong></span> 
     </span>
     <span class='ocr_line' id='line_1_10' title="bbox 316 700 1755 767; baseline -0.001 -15"><span class='ocrx_word' id='word_1_78' title='bbox 316 700 403 752; x_wconf 78' lang='grc' dir='ltr'><strong><em>τόν.</em></strong></span> <span class='ocrx_word' id='word_1_79' title='bbox 444 708 643 764; x_wconf 75' lang='grc' dir='ltr'><strong><em>βασιλεὺς</em></strong></span> <span class='ocrx_word' id='word_1_80' title='bbox 668 710 715 751; x_wconf 81' lang='grc' dir='ltr'><strong>δὲ</strong></span> <span class='ocrx_word' id='word_1_81' title='bbox 745 703 897 764; x_wconf 75' lang='grc' dir='ltr'><strong><em>ἤλγησε</em></strong></span> <span class='ocrx_word' id='word_1_82' title='bbox 930 709 1010 762; x_wconf 84' lang='grc' dir='ltr'><strong>μὲν</strong></span> <span class='ocrx_word' id='word_1_83' title='bbox 1040 703 1114 749; x_wconf 82' lang='grc' dir='ltr'><strong>οὗκ</strong></span> <span class='ocrx_word' id='word_1_84' title='bbox 1139 709 1206 749; x_wconf 79' lang='grc' dir='ltr'><strong>ἐπ’</strong></span> <span class='ocrx_word' id='word_1_85' title='bbox 1234 703 1388 763; x_wconf 83' lang='grc' dir='ltr'><strong><em>ὄλίγον,</em></strong></span> <span class='ocrx_word' id='word_1_86' title='bbox 1427 707 1540 764; x_wconf 78' lang='grc' dir='ltr'><strong><em>δρῶν</em></strong></span> <span class='ocrx_word' id='word_1_87' title='bbox 1565 705 1647 766; x_wconf 75' lang='grc' dir='ltr'><strong>ἤδη</strong></span> <span class='ocrx_word' id='word_1_88' title='bbox 1677 709 1755 767; x_wconf 75' lang='grc' dir='ltr'><strong>τὴν</strong></span> 
     </span>
    </p>

    <p class='ocr_par' dir='ltr' id='par_1_3' title="bbox 277 770 1814 1484">
     <span class='ocr_line' id='line_1_11' title="bbox 277 770 1811 830; baseline 0.001 -13"><span class='ocrx_word' id='word_1_89' title='bbox 277 774 578 830; x_wconf 78' lang='grc' dir='ltr'><strong><em>Βέπιχείρησιν</em></strong></span> <span class='ocrx_word' id='word_1_90' title='bbox 608 770 682 829; x_wconf 63' lang='grc' dir='ltr'><strong>οὐκ</strong></span> <span class='ocrx_word' id='word_1_91' title='bbox 707 775 906 830; x_wconf 76' lang='grc' dir='ltr'><strong><em>ἐσομένην</em></strong></span> <span class='ocrx_word' id='word_1_92' title='bbox 935 770 1170 828; x_wconf 74' lang='grc' dir='ltr'><strong><em>ἀνυσθῆναι</em></strong></span> <span class='ocrx_word' id='word_1_93' title='bbox 1200 773 1396 829; x_wconf 84' lang='grc' dir='ltr'><strong><em>δυνατήν.</em></strong></span> <span class='ocrx_word' id='word_1_94' title='bbox 1439 773 1514 816; x_wconf 82' lang='grc' dir='ltr'><strong><em>καί</em></strong></span> <span class='ocrx_word' id='word_1_95' title='bbox 1534 775 1811 819; x_wconf 75' lang='grc' dir='ltr'><strong><em>διετέλεσενιο</em></strong></span> 
     </span>
     <span class='ocr_line' id='line_1_12' title="bbox 314 835 1759 896; baseline 0.001 -14"><span class='ocrx_word' id='word_1_96' title='bbox 314 837 476 896; x_wconf 77' lang='grc' dir='ltr'><strong><em>ἡμέρας</em></strong></span> <span class='ocrx_word' id='word_1_97' title='bbox 510 839 587 881; x_wconf 73' lang='grc' dir='ltr'><strong>οὔκ</strong></span> <span class='ocrx_word' id='word_1_98' title='bbox 626 835 769 894; x_wconf 78' lang='grc' dir='ltr'><strong><em>ὀλίγας</em></strong></span> <span class='ocrx_word' id='word_1_99' title='bbox 801 835 938 894; x_wconf 81' lang='grc' dir='ltr'><strong><em>ἆλγῶν</em></strong></span> <span class='ocrx_word' id='word_1_100' title='bbox 970 854 1015 881; x_wconf 85' lang='grc' dir='ltr'><strong>τε</strong></span> <span class='ocrx_word' id='word_1_101' title='bbox 1051 838 1124 880; x_wconf 81' lang='grc' dir='ltr'><strong><em>καί</em></strong></span> <span class='ocrx_word' id='word_1_102' title='bbox 1151 836 1281 881; x_wconf 79' lang='grc' dir='ltr'><strong><em>πολλὰ</em></strong></span> <span class='ocrx_word' id='word_1_103' title='bbox 1303 836 1377 881; x_wconf 77' lang='grc' dir='ltr'><strong>τὸν</strong></span> <span class='ocrx_word' id='word_1_104' title='bbox 1406 841 1538 894; x_wconf 80' lang='grc' dir='ltr'><strong><em>μέγαν</em></strong></span> <span class='ocrx_word' id='word_1_105' title='bbox 1565 841 1759 894; x_wconf 79' lang='grc' dir='ltr'><strong><em>δομέστι-</em></strong></span> 
     </span>
     <span class='ocr_line' id='line_1_13' title="bbox 315 900 1760 962; baseline 0 -15"><span class='ocrx_word' id='word_1_106' title='bbox 315 920 392 947; x_wconf 90' lang='grc' dir='ltr'><strong>κον</strong></span> <span class='ocrx_word' id='word_1_107' title='bbox 419 904 788 962; x_wconf 83' lang='grc' dir='ltr'><strong><em>καταμεμφόμενος</em></strong></span> <span class='ocrx_word' id='word_1_108' title='bbox 810 905 886 960; x_wconf 79' lang='grc' dir='ltr'><strong>τῆς</strong></span> <span class='ocrx_word' id='word_1_109' title='bbox 913 900 1131 953; x_wconf 74' lang='grc' dir='ltr'><strong><em>ἀπειθείας</em></strong></span> <span class='ocrx_word' id='word_1_110' title='bbox 1160 900 1326 960; x_wconf 73' lang='grc' dir='ltr'><strong><em>καὶτῆς</em></strong></span> <span class='ocrx_word' id='word_1_111' title='bbox 1348 900 1398 947; x_wconf 83' lang='grc' dir='ltr'><strong><em>οὗ</em></strong></span> <span class='ocrx_word' id='word_1_112' title='bbox 1425 907 1557 961; x_wconf 82' lang='grc' dir='ltr'><strong><em>καλῆς</em></strong></span> <span class='ocrx_word' id='word_1_113' title='bbox 1577 909 1760 962; x_wconf 86' lang='grc' dir='ltr'><strong><em>φιλονει-</em></strong></span> 
     </span>
     <span class='ocr_line' id='line_1_14' title="bbox 312 966 1758 1026; baseline 0 -14"><span class='ocrx_word' id='word_1_114' title='bbox 312 972 420 1020; x_wconf 87' lang='grc' dir='ltr'><strong><em>κίας.</em></strong></span> <span class='ocrx_word' id='word_1_115' title='bbox 468 966 579 1023; x_wconf 79' lang='grc' dir='ltr'><strong><em>ὅμως</em></strong></span> <span class='ocrx_word' id='word_1_116' title='bbox 614 971 761 1023; x_wconf 87' lang='grc' dir='ltr'><strong><em>μέντοι</em></strong></span> <span class='ocrx_word' id='word_1_117' title='bbox 796 975 883 1020; x_wconf 87' lang='grc' dir='ltr'><strong><em>τοῖς</em></strong></span> <span class='ocrx_word' id='word_1_118' title='bbox 917 969 1073 1011; x_wconf 79' lang='grc' dir='ltr'><strong><em>ἐκείνου</em></strong></span> <span class='ocrx_word' id='word_1_119' title='bbox 1113 969 1362 1024; x_wconf 88' lang='grc' dir='ltr'><strong><em>πειθόμενος</em></strong></span> <span class='ocrx_word' id='word_1_120' title='bbox 1394 967 1531 1026; x_wconf 75' lang='grc' dir='ltr'><strong><em>λόγοις</em></strong></span> <span class='ocrx_word' id='word_1_121' title='bbox 1555 969 1758 1025; x_wconf 66' lang='grc' dir='ltr'><strong><em>ἀπέσχετο</em></strong></span> 
     </span>
     <span class='ocr_line' id='line_1_15' title="bbox 311 1029 1763 1091; baseline 0 -14"><span class='ocrx_word' id='word_1_122' title='bbox 311 1037 389 1077; x_wconf 74' lang='grc' dir='ltr'><strong><em>’τοῦ</em></strong></span> <span class='ocrx_word' id='word_1_123' title='bbox 411 1036 545 1089; x_wconf 88' lang='grc' dir='ltr'><strong><em>λέγειν</em></strong></span> <span class='ocrx_word' id='word_1_124' title='bbox 573 1034 672 1091; x_wconf 78' lang='grc' dir='ltr'><strong><em>περὶ</em></strong></span> <span class='ocrx_word' id='word_1_125' title='bbox 698 1029 759 1076; x_wconf 75' lang='grc' dir='ltr'><strong>ῶν</strong></span> <span class='ocrx_word' id='word_1_126' title='bbox 783 1031 952 1091; x_wconf 77' lang='grc' dir='ltr'><strong><em>ὥρμητο</em></strong></span> <span class='ocrx_word' id='word_1_127' title='bbox 989 1033 1094 1091; x_wconf 80' lang='grc' dir='ltr'><strong><em>πρὸς</em></strong></span> <span class='ocrx_word' id='word_1_128' title='bbox 1121 1034 1216 1085; x_wconf 74' lang='grc' dir='ltr'><strong><em>τους</em></strong></span> <span class='ocrx_word' id='word_1_129' title='bbox 1245 1037 1501 1091; x_wconf 79' lang='grc' dir='ltr'><strong><em>εἰρημένους.</em></strong></span> <span class='ocrx_word' id='word_1_130' title='bbox 1538 1034 1613 1079; x_wconf 66' lang='lat' dir='ltr'><strong>aeds*</strong></span> <span class='ocrx_word' id='word_1_131' title='bbox 1639 1035 1763 1078; x_wconf 79' lang='grc' dir='ltr'><strong><em>αὖτοί</em></strong></span> 
     </span>
     <span class='ocr_line' id='line_1_16' title="bbox 318 1095 1814 1157; baseline 0.001 -16"><span class='ocrx_word' id='word_1_132' title='bbox 318 1101 366 1143; x_wconf 85' lang='grc' dir='ltr'><strong>δὲ</strong></span> <span class='ocrx_word' id='word_1_133' title='bbox 394 1096 428 1153; x_wconf 78' lang='grc' dir='ltr'><strong>ὅ,</strong></span> <span class='ocrx_word' id='word_1_134' title='bbox 448 1116 492 1142; x_wconf 85' lang='grc' dir='ltr'><strong><em>τι</em></strong></span> <span class='ocrx_word' id='word_1_135' title='bbox 521 1102 600 1153; x_wconf 81' lang='grc' dir='ltr'><strong>μὲν</strong></span> <span class='ocrx_word' id='word_1_136' title='bbox 628 1099 797 1154; x_wconf 66' lang='grc' dir='ltr'><strong><em>ἔμελλεν</em></strong></span> <span class='ocrx_word' id='word_1_137' title='bbox 818 1103 928 1157; x_wconf 81' lang='grc' dir='ltr'><strong>έρεῖν</strong></span> <span class='ocrx_word' id='word_1_138' title='bbox 954 1097 1029 1143; x_wconf 78' lang='grc' dir='ltr'><strong>οὒκ</strong></span> <span class='ocrx_word' id='word_1_139' title='bbox 1060 1095 1236 1157; x_wconf 80' lang='grc' dir='ltr'><strong><em>ᾔδεισαν</em></strong></span> <span class='ocrx_word' id='word_1_140' title='bbox 1270 1101 1452 1157; x_wconf 76' lang='grc' dir='ltr'><strong><em>ἀκριβῶς</em></strong></span> <span class='ocrx_word' id='word_1_141' title='bbox 1488 1099 1512 1144; x_wconf 80' lang='grc' dir='ltr'><strong><em>ὃ</em></strong></span> <span class='ocrx_word' id='word_1_142' title='bbox 1543 1098 1814 1155; x_wconf 64' lang='grc' dir='ltr'><strong><em>βασιλεύς-,ὤ</em></strong></span> 
     </span>
     <span class='ocr_line' id='line_1_17' title="bbox 318 1161 1763 1223; baseline 0.001 -17"><span class='ocrx_word' id='word_1_143' title='bbox 318 1161 433 1218; x_wconf 73' lang='grc' dir='ltr'><strong><em>ὅμως</em></strong></span> <span class='ocrx_word' id='word_1_144' title='bbox 458 1167 510 1209; x_wconf 78' lang='grc' dir='ltr'><strong>δὲ</strong></span> <span class='ocrx_word' id='word_1_145' title='bbox 535 1168 582 1208; x_wconf 80' lang='grc' dir='ltr'><strong><em>ἐκ</em></strong></span> <span class='ocrx_word' id='word_1_146' title='bbox 613 1167 695 1208; x_wconf 84' lang='grc' dir='ltr'><strong>τῶν</strong></span> <span class='ocrx_word' id='word_1_147' title='bbox 727 1163 897 1209; x_wconf 82' lang='grc' dir='ltr'><strong><em>εἰκότων</em></strong></span> <span class='ocrx_word' id='word_1_148' title='bbox 930 1163 1229 1220; x_wconf 84' lang='grc' dir='ltr'><strong><em>στοχαζόμενοι</em></strong></span> <span class='ocrx_word' id='word_1_149' title='bbox 1253 1165 1337 1219; x_wconf 66' lang='grc' dir='ltr'><strong><em>αἷς,-</em></strong></span> <span class='ocrx_word' id='word_1_150' title='bbox 1366 1164 1471 1223; x_wconf 86' lang='grc' dir='ltr'><strong><em>περί</em></strong></span> <span class='ocrx_word' id='word_1_151' title='bbox 1488 1181 1610 1209; x_wconf 82' lang='grc' dir='ltr'><strong><em>τινων</em></strong></span> <span class='ocrx_word' id='word_1_152' title='bbox 1631 1164 1763 1220; x_wconf 81' lang='grc' dir='ltr'><strong><em>μεγά-</em></strong></span> 
     </span>
     <span class='ocr_line' id='line_1_18' title="bbox 316 1229 1763 1287; baseline 0.001 -15"><span class='ocrx_word' id='word_1_153' title='bbox 316 1234 401 1274; x_wconf 86' lang='grc' dir='ltr'><strong>λων</strong></span> <span class='ocrx_word' id='word_1_154' title='bbox 433 1232 698 1282; x_wconf 80' lang='grc' dir='ltr'><strong><em>διαλέξεσθαι</em></strong></span> <span class='ocrx_word' id='word_1_155' title='bbox 731 1233 955 1285; x_wconf 88' lang='grc' dir='ltr'><strong><em>μέλλοντος</em></strong></span> <span class='ocrx_word' id='word_1_156' title='bbox 991 1231 1163 1285; x_wconf 75' lang='grc' dir='ltr'><strong><em>αὐτοῖς,</em></strong></span> <span class='ocrx_word' id='word_1_157' title='bbox 1202 1229 1283 1273; x_wconf 73' lang='grc' dir='ltr'><strong>ὑπὸ</strong></span> <span class='ocrx_word' id='word_1_158' title='bbox 1308 1233 1385 1274; x_wconf 74' lang='grc' dir='ltr'><strong><em>τοῦ</em></strong></span> <span class='ocrx_word' id='word_1_159' title='bbox 1421 1231 1607 1287; x_wconf 78' lang='grc' dir='ltr'><strong><em>μεγάλου</em></strong></span> <span class='ocrx_word' id='word_1_160' title='bbox 1637 1233 1763 1286; x_wconf 84' lang='grc' dir='ltr'><strong><em>δομε-</em></strong></span> 
     </span>
     <span class='ocr_line' id='line_1_19' title="bbox 317 1295 1814 1352; baseline 0.001 -14"><span class='ocrx_word' id='word_1_161' title='bbox 317 1298 460 1338; x_wconf 86' lang='grc' dir='ltr'><strong><em>στίκου</em></strong></span> <span class='ocrx_word' id='word_1_162' title='bbox 479 1295 710 1351; x_wconf 77' lang='grc' dir='ltr'><strong><em>κωλυθείη·</em></strong></span> <span class='ocrx_word' id='word_1_163' title='bbox 739 1298 784 1338; x_wconf 80' lang='grc' dir='ltr'><strong>ἐν</strong></span> <span class='ocrx_word' id='word_1_164' title='bbox 811 1297 965 1346; x_wconf 85' lang='grc' dir='ltr'><strong><em>αἰτίαις</em></strong></span> <span class='ocrx_word' id='word_1_165' title='bbox 992 1311 1035 1339; x_wconf 85' lang='grc' dir='ltr'><strong>τε</strong></span> <span class='ocrx_word' id='word_1_166' title='bbox 1061 1295 1194 1339; x_wconf 69' lang='grc' dir='ltr'><strong><em>αὐτὸν</em></strong></span> <span class='ocrx_word' id='word_1_167' title='bbox 1225 1298 1438 1340; x_wconf 76' lang='grc' dir='ltr'><strong><em>ἐποιοῦντο</em></strong></span> <span class='ocrx_word' id='word_1_168' title='bbox 1463 1296 1536 1339; x_wconf 77' lang='grc' dir='ltr'><strong>καὶ</strong></span> <span class='ocrx_word' id='word_1_169' title='bbox 1555 1295 1608 1340; x_wconf 77' lang='grc' dir='ltr'><strong>τὰ</strong></span> <span class='ocrx_word' id='word_1_170' title='bbox 1635 1295 1763 1352; x_wconf 78' lang='grc' dir='ltr'><strong><em>ἔσχα-</em></strong></span> <span class='ocrx_word' id='word_1_171' title='bbox 1812 1306 1814 1308; x_wconf 76' lang='grc'><strong><em>’</em></strong></span> 
     </span>
     <span class='ocr_line' id='line_1_20' title="bbox 320 1359 1762 1418; baseline 0.002 -16"><span class='ocrx_word' id='word_1_172' title='bbox 320 1377 375 1402; x_wconf 87' lang='grc' dir='ltr'><strong><em>τα</em></strong></span> <span class='ocrx_word' id='word_1_173' title='bbox 400 1362 628 1416; x_wconf 81' lang='grc' dir='ltr'><strong><em>ἠδικῆσθαι</em></strong></span> <span class='ocrx_word' id='word_1_174' title='bbox 655 1362 895 1404; x_wconf 74' lang='grc' dir='ltr'><strong><em>διετείνοντο</em></strong></span> <span class='ocrx_word' id='word_1_175' title='bbox 925 1359 999 1403; x_wconf 70' lang='grc' dir='ltr'><strong>ὑπ’</strong></span> <span class='ocrx_word' id='word_1_176' title='bbox 1022 1362 1168 1404; x_wconf 77' lang='grc' dir='ltr'><strong><em>αὐτοῦ.</em></strong></span> <span class='ocrx_word' id='word_1_177' title='bbox 1204 1362 1353 1418; x_wconf 77' lang='grc' dir='ltr'><strong><em>μηδείς</em></strong></span> <span class='ocrx_word' id='word_1_178' title='bbox 1375 1364 1422 1405; x_wconf 85' lang='grc' dir='ltr'><strong>δὲ</strong></span> <span class='ocrx_word' id='word_1_179' title='bbox 1441 1364 1560 1404; x_wconf 78' lang='grc' dir='ltr'><strong><em>ταῦτ’</em></strong></span> <span class='ocrx_word' id='word_1_180' title='bbox 1586 1361 1762 1415; x_wconf 72' lang='grc' dir='ltr'><strong><em>ἀκούων,</em></strong></span> 
     </span>
     <span class='ocr_line' id='line_1_21' title="bbox 322 1425 1814 1484; baseline 0.003 -17"><span class='ocrx_word' id='word_1_181' title='bbox 322 1425 587 1480; x_wconf 73' lang='grc' dir='ltr'><strong><em>ἀνεξέλεγκτα</em></strong></span> <span class='ocrx_word' id='word_1_182' title='bbox 623 1426 775 1468; x_wconf 79' lang='grc' dir='ltr'><strong><em>οἰέσθω</em></strong></span> <span class='ocrx_word' id='word_1_183' title='bbox 814 1425 1052 1480; x_wconf 78' lang='grc' dir='ltr'><strong><em>ψεύδεσθαι</em></strong></span> <span class='ocrx_word' id='word_1_184' title='bbox 1085 1428 1198 1482; x_wconf 79' lang='grc' dir='ltr'><strong><em>ἡμᾶς</em></strong></span> <span class='ocrx_word' id='word_1_185' title='bbox 1227 1425 1297 1469; x_wconf 78' lang='grc' dir='ltr'><strong><em>διὰ</em></strong></span> <span class='ocrx_word' id='word_1_186' title='bbox 1330 1425 1376 1470; x_wconf 88' lang='grc' dir='ltr'><strong>τὸ</strong></span> <span class='ocrx_word' id='word_1_187' title='bbox 1405 1425 1464 1482; x_wconf 76' lang='grc' dir='ltr'><strong>μὴ</strong></span> <span class='ocrx_word' id='word_1_188' title='bbox 1492 1429 1596 1469; x_wconf 79' lang='grc' dir='ltr'><strong><em>πᾶσι</em></strong></span> <span class='ocrx_word' id='word_1_189' title='bbox 1630 1429 1814 1484; x_wconf 69' lang='grc' dir='ltr'><strong><em>μέχριαο</em></strong></span> 
     </span>
    </p>

    <p class='ocr_par' dir='ltr' id='par_1_4' title="bbox 193 1489 1761 1745">
     <span class='ocr_line' id='line_1_22' title="bbox 193 1489 1760 1549; baseline 0.001 -16"><span class='ocrx_word' id='word_1_190' title='bbox 193 1499 229 1535; x_wconf 89' lang='lat' dir='ltr'><strong>P.</strong></span> <span class='ocrx_word' id='word_1_191' title='bbox 240 1491 397 1535; x_wconf 38' lang='lat' dir='ltr'><strong>2⁶26*va</strong></span> <span class='ocrx_word' id='word_1_192' title='bbox 426 1489 480 1533; x_wconf 83' lang='grc' dir='ltr'><strong>τὰ</strong></span> <span class='ocrx_word' id='word_1_193' title='bbox 513 1491 689 1533; x_wconf 78' lang='grc' dir='ltr'><strong><em>τοιαῦτα</em></strong></span> <span class='ocrx_word' id='word_1_194' title='bbox 722 1492 936 1546; x_wconf 80' lang='grc' dir='ltr'><strong><em>κατάδηλα</em></strong></span> <span class='ocrx_word' id='word_1_195' title='bbox 955 1494 1162 1547; x_wconf 86' lang='grc' dir='ltr'><strong><em>γενέσθαι.</em></strong></span> <span class='ocrx_word' id='word_1_196' title='bbox 1198 1489 1302 1534; x_wconf 80' lang='grc' dir='ltr'><strong><em>ἴστω</em></strong></span> <span class='ocrx_word' id='word_1_197' title='bbox 1332 1492 1411 1549; x_wconf 83' lang='grc' dir='ltr'><strong>γὰρ</strong></span> <span class='ocrx_word' id='word_1_198' title='bbox 1439 1491 1535 1542; x_wconf 82' lang='grc' dir='ltr'><strong><em>θεὸς</em></strong></span> <span class='ocrx_word' id='word_1_199' title='bbox 1567 1491 1593 1533; x_wconf 79' lang='grc' dir='ltr'><em>ὅ</em></span> <span class='ocrx_word' id='word_1_200' title='bbox 1622 1491 1760 1535; x_wconf 81' lang='grc' dir='ltr'><strong><em>πάντα</em></strong></span> 
     </span>
     <span class='ocr_line' id='line_1_23' title="bbox 317 1552 1760 1614; baseline 0.001 -16"><span class='ocrx_word' id='word_1_201' title='bbox 317 1557 485 1612; x_wconf 79' lang='grc' dir='ltr'><strong><em>ἐφορῶν</em></strong></span> <span class='ocrx_word' id='word_1_202' title='bbox 516 1555 589 1598; x_wconf 80' lang='grc' dir='ltr'><strong><em>καί</em></strong></span> <span class='ocrx_word' id='word_1_203' title='bbox 610 1557 713 1598; x_wconf 78' lang='grc' dir='ltr'><strong><em>πᾶσι</em></strong></span> <span class='ocrx_word' id='word_1_204' title='bbox 741 1562 828 1605; x_wconf 81' lang='grc' dir='ltr'><strong><em>τοῖς</em></strong></span> <span class='ocrx_word' id='word_1_205' title='bbox 856 1559 1084 1610; x_wconf 84' lang='grc' dir='ltr'><strong><em>γινομένοις</em></strong></span> <span class='ocrx_word' id='word_1_206' title='bbox 1112 1556 1180 1599; x_wconf 64' lang='lat' dir='ltr'><strong>ciel</strong></span> <span class='ocrx_word' id='word_1_207' title='bbox 1212 1555 1359 1614; x_wconf 73' lang='grc' dir='ltr'><strong><em>παρών</em></strong></span> <span class='ocrx_word' id='word_1_208' title='bbox 1390 1556 1464 1600; x_wconf 81' lang='grc' dir='ltr'><strong><em>καί</em></strong></span> <span class='ocrx_word' id='word_1_209' title='bbox 1485 1558 1568 1600; x_wconf 88' lang='grc' dir='ltr'><strong>τῶν</strong></span> <span class='ocrx_word' id='word_1_210' title='bbox 1591 1552 1760 1612; x_wconf 71' lang='grc' dir='ltr'><strong><em>ἀδήλων</em></strong></span> 
     </span>
     <span class='ocr_line' id='line_1_24' title="bbox 316 1617 1761 1677; baseline 0.001 -14"><span class='ocrx_word' id='word_1_211' title='bbox 316 1620 391 1663; x_wconf 81' lang='grc' dir='ltr'><strong><em>καί</em></strong></span> <span class='ocrx_word' id='word_1_212' title='bbox 412 1621 704 1677; x_wconf 83' lang='grc' dir='ltr'><strong><em>κεκρυμμένων</em></strong></span> <span class='ocrx_word' id='word_1_213' title='bbox 732 1622 891 1676; x_wconf 73' lang='grc' dir='ltr'><strong><em>ἀγνοῶν</em></strong></span> <span class='ocrx_word' id='word_1_214' title='bbox 916 1624 1048 1677; x_wconf 84' lang='grc' dir='ltr'><strong><em>μηδὲν</em></strong></span> <span class='ocrx_word' id='word_1_215' title='bbox 1063 1656 1075 1676; x_wconf 83' lang='grc'><strong><em>,</em></strong></span> <span class='ocrx_word' id='word_1_216' title='bbox 1106 1622 1168 1671; x_wconf 68' lang='grc' dir='ltr'><strong>οἷς</strong></span> <span class='ocrx_word' id='word_1_217' title='bbox 1193 1617 1280 1664; x_wconf 69' lang='grc' dir='ltr'><strong><em>οὔτ’</em></strong></span> <span class='ocrx_word' id='word_1_218' title='bbox 1301 1623 1374 1665; x_wconf 76' lang='grc' dir='ltr'><strong>ἐπὶ</strong></span> <span class='ocrx_word' id='word_1_219' title='bbox 1395 1628 1481 1672; x_wconf 86' lang='grc' dir='ltr'><strong><em>τοῖς</em></strong></span> <span class='ocrx_word' id='word_1_220' title='bbox 1510 1617 1652 1672; x_wconf 70' lang='grc' dir='ltr'><strong><em>ἄλλοις</em></strong></span> <span class='ocrx_word' id='word_1_221' title='bbox 1673 1628 1761 1672; x_wconf 83' lang='grc' dir='ltr'><strong><em>τοῖς</em></strong></span> 
     </span>
     <span class='ocr_line' id='line_1_25' title="bbox 317 1681 1761 1745; baseline 0 -16"><span class='ocrx_word' id='word_1_222' title='bbox 317 1689 697 1742; x_wconf 87' lang='grc' dir='ltr'><strong><em>συγγεγραμμένοις</em></strong></span> <span class='ocrx_word' id='word_1_223' title='bbox 724 1683 883 1729; x_wconf 75' lang='grc' dir='ltr'><strong><em>ἅπασιν</em></strong></span> <span class='ocrx_word' id='word_1_224' title='bbox 928 1683 1015 1730; x_wconf 74' lang='grc' dir='ltr'><strong><em>οὔτ’</em></strong></span> <span class='ocrx_word' id='word_1_225' title='bbox 1038 1685 1200 1745; x_wconf 79' lang='grc' dir='ltr'><strong><em>ἔχθραν</em></strong></span> <span class='ocrx_word' id='word_1_226' title='bbox 1234 1681 1330 1739; x_wconf 67' lang='grc' dir='ltr'><strong><em>οὔτε</em></strong></span> <span class='ocrx_word' id='word_1_227' title='bbox 1363 1687 1509 1744; x_wconf 78' lang='grc' dir='ltr'><strong><em>φιλίαν</em></strong></span> <span class='ocrx_word' id='word_1_228' title='bbox 1542 1681 1628 1731; x_wconf 64' lang='grc' dir='ltr'><strong><em>οὔτ’</em></strong></span> <span class='ocrx_word' id='word_1_229' title='bbox 1659 1682 1761 1730; x_wconf 70' lang='grc' dir='ltr'><strong><em>ἄλλο</em></strong></span> 
     </span>
    </p>
   </div>
   <div class='ocr_carea' id='block_1_3' title="bbox 313 1807 1762 2691">
    <p class='ocr_par' dir='ltr' id='par_1_5' title="bbox 313 1807 1762 2691">
     <span class='ocr_line' id='line_1_26' title="bbox 313 1807 1760 1855; baseline 0.002 -14"><span class='ocrx_word' id='word_1_230' title='bbox 313 1807 361 1841; x_wconf 89' lang='lat' dir='ltr'><strong>lis</strong></span> <span class='ocrx_word' id='word_1_231' title='bbox 387 1818 447 1842; x_wconf 90' lang='lat' dir='ltr'><strong>eos</strong></span> <span class='ocrx_word' id='word_1_232' title='bbox 471 1809 722 1853; x_wconf 77' lang='lat' dir='ltr'><strong>compellavit,</strong></span> <span class='ocrx_word' id='word_1_233' title='bbox 757 1821 833 1843; x_wconf 88' lang='lat' dir='ltr'><strong>rem</strong></span> <span class='ocrx_word' id='word_1_234' title='bbox 858 1810 1076 1855; x_wconf 79' lang='lat' dir='ltr'>propositam</span> <span class='ocrx_word' id='word_1_235' title='bbox 1109 1822 1256 1844; x_wconf 77' lang='lat' dir='ltr'><strong>exorsus</strong></span> <span class='ocrx_word' id='word_1_236' title='bbox 1289 1815 1354 1846; x_wconf 84' lang='lat' dir='ltr'><strong>est.</strong></span> <span class='ocrx_word' id='word_1_237' title='bbox 1412 1811 1638 1846; x_wconf 81' lang='lat' dir='ltr'><strong>Domesticus</strong></span> <span class='ocrx_word' id='word_1_238' title='bbox 1662 1809 1760 1845; x_wconf 85' lang='lat' dir='ltr'><strong>divi-</strong></span> 
     </span>
     <span class='ocr_line' id='line_1_27' title="bbox 315 1855 1761 1903; baseline 0.003 -17"><span class='ocrx_word' id='word_1_239' title='bbox 315 1865 417 1894; x_wconf 80' lang='lat' dir='ltr'><strong>nans,</strong></span> <span class='ocrx_word' id='word_1_240' title='bbox 442 1866 514 1900; x_wconf 92' lang='lat' dir='ltr'><strong>quo</strong></span> <span class='ocrx_word' id='word_1_241' title='bbox 539 1855 584 1889; x_wconf 90' lang='lat' dir='ltr'><strong>de</strong></span> <span class='ocrx_word' id='word_1_242' title='bbox 608 1862 816 1901; x_wconf 84' lang='lat' dir='ltr'><strong>argumento</strong></span> <span class='ocrx_word' id='word_1_243' title='bbox 840 1861 1022 1890; x_wconf 80' lang='lat' dir='ltr'><strong>texeretur</strong></span> <span class='ocrx_word' id='word_1_244' title='bbox 1045 1858 1177 1899; x_wconf 86' lang='lat' dir='ltr'><strong>oratio,</strong></span> <span class='ocrx_word' id='word_1_245' title='bbox 1203 1869 1222 1891; x_wconf 86' lang='lat' dir='ltr'><strong>e</strong></span> <span class='ocrx_word' id='word_1_246' title='bbox 1251 1857 1405 1892; x_wconf 88' lang='lat' dir='ltr'><strong>concilio</strong></span> <span class='ocrx_word' id='word_1_247' title='bbox 1431 1857 1696 1903; x_wconf 81' lang='lat' dir='ltr'><strong>imperatorem,</strong></span> <span class='ocrx_word' id='word_1_248' title='bbox 1718 1869 1761 1890; x_wconf 80' lang='lat' dir='ltr'><strong>ac</strong></span> 
     </span>
     <span class='ocr_line' id='line_1_28' title="bbox 315 1901 1762 1949; baseline 0.003 -17"><span class='ocrx_word' id='word_1_249' title='bbox 315 1901 346 1933; x_wconf 89' lang='lat' dir='ltr'><strong>si</strong></span> <span class='ocrx_word' id='word_1_250' title='bbox 373 1901 545 1946; x_wconf 86' lang='lat' dir='ltr'>quiddam</span> <span class='ocrx_word' id='word_1_251' title='bbox 565 1904 806 1936; x_wconf 85' lang='lat' dir='ltr'><strong>necessarium</strong></span> <span class='ocrx_word' id='word_1_252' title='bbox 830 1901 981 1936; x_wconf 82' lang='lat' dir='ltr'><strong>haberet</strong></span> <span class='ocrx_word' id='word_1_253' title='bbox 1007 1902 1140 1944; x_wconf 84' lang='lat' dir='ltr'><strong>dicere,</strong></span> <span class='ocrx_word' id='word_1_254' title='bbox 1166 1909 1311 1948; x_wconf 84' lang='lat' dir='ltr'><strong>evocat;</strong></span> <span class='ocrx_word' id='word_1_255' title='bbox 1337 1909 1374 1939; x_wconf 89' lang='lat' dir='ltr'><strong>et</strong></span> <span class='ocrx_word' id='word_1_256' title='bbox 1388 1903 1561 1938; x_wconf 82' lang='lat' dir='ltr'><strong>seducens</strong></span> <span class='ocrx_word' id='word_1_257' title='bbox 1582 1914 1676 1945; x_wconf 87' lang='lat' dir='ltr'><strong>eum,</strong></span> <span class='ocrx_word' id='word_1_258' title='bbox 1694 1914 1762 1949; x_wconf 85' lang='lat' dir='ltr'><strong>per</strong></span> 
     </span>
     <span class='ocr_line' id='line_1_29' title="bbox 314 1947 1761 1996; baseline 0.003 -17"><span class='ocrx_word' id='word_1_259' title='bbox 314 1947 432 1979; x_wconf 86' lang='lat' dir='ltr'><strong>Deum</strong></span> <span class='ocrx_word' id='word_1_260' title='bbox 464 1949 688 1990; x_wconf 85' lang='lat' dir='ltr'><strong>obtestatur,</strong></span> <span class='ocrx_word' id='word_1_261' title='bbox 723 1960 770 1982; x_wconf 92' lang='lat' dir='ltr'><strong>ne</strong></span> <span class='ocrx_word' id='word_1_262' title='bbox 806 1949 896 1994; x_wconf 87' lang='lat' dir='ltr'><strong>quid</strong></span> <span class='ocrx_word' id='word_1_263' title='bbox 932 1960 1055 1983; x_wconf 87' lang='lat' dir='ltr'><strong>eorum</strong></span> <span class='ocrx_word' id='word_1_264' title='bbox 1090 1961 1183 1996; x_wconf 84' lang='lat' dir='ltr'><strong>quae</strong></span> <span class='ocrx_word' id='word_1_265' title='bbox 1215 1951 1438 1984; x_wconf 54' lang='lat' dir='ltr'><strong>*decrevisset</strong></span> <span class='ocrx_word' id='word_1_266' title='bbox 1471 1949 1519 1984; x_wconf 83' lang='lat' dir='ltr'><strong>ad</strong></span> <span class='ocrx_word' id='word_1_267' title='bbox 1553 1955 1761 1995; x_wconf 71' lang='lat' dir='ltr'><strong>praesentes</strong></span> 
     </span>
     <span class='ocr_line' id='line_1_30' title="bbox 315 1993 1760 2040; baseline 0.003 -16"><span class='ocrx_word' id='word_1_268' title='bbox 315 1993 511 2036; x_wconf 86' lang='lat' dir='ltr'><strong>proferret:</strong></span> <span class='ocrx_word' id='word_1_269' title='bbox 547 1999 675 2040; x_wconf 80' lang='lat' dir='ltr'><strong>utpote</strong></span> <span class='ocrx_word' id='word_1_270' title='bbox 706 1995 867 2028; x_wconf 84' lang='lat' dir='ltr'><strong>utilitate</strong></span> <span class='ocrx_word' id='word_1_271' title='bbox 905 1996 1006 2028; x_wconf 82' lang='lat' dir='ltr'><strong>nulla</strong></span> <span class='ocrx_word' id='word_1_272' title='bbox 1037 1996 1122 2030; x_wconf 85' lang='lat' dir='ltr'><strong>inde</strong></span> <span class='ocrx_word' id='word_1_273' title='bbox 1157 2003 1403 2035; x_wconf 81' lang='lat' dir='ltr'><strong>consecutura.</strong></span> <span class='ocrx_word' id='word_1_274' title='bbox 1449 1996 1538 2031; x_wconf 85' lang='lat' dir='ltr'><strong>Nam</strong></span> <span class='ocrx_word' id='word_1_275' title='bbox 1560 1997 1592 2031; x_wconf 77' lang='lat' dir='ltr'><strong>si</strong></span> <span class='ocrx_word' id='word_1_276' title='bbox 1613 1996 1658 2032; x_wconf 82' lang='lat' dir='ltr'><strong>ab</strong></span> <span class='ocrx_word' id='word_1_277' title='bbox 1682 1997 1760 2030; x_wconf 87' lang='lat' dir='ltr'><strong>ullo</strong></span> 
     </span>
     <span class='ocr_line' id='line_1_31' title="bbox 315 2040 1761 2089; baseline 0.003 -18"><span class='ocrx_word' id='word_1_278' title='bbox 315 2040 521 2073; x_wconf 78' lang='lat' dir='ltr'><strong>mortalium</strong></span> <span class='ocrx_word' id='word_1_279' title='bbox 546 2051 587 2074; x_wconf 91' lang='lat' dir='ltr'><strong>eo</strong></span> <span class='ocrx_word' id='word_1_280' title='bbox 615 2042 770 2086; x_wconf 87' lang='lat' dir='ltr'><strong>perpelli</strong></span> <span class='ocrx_word' id='word_1_281' title='bbox 792 2043 994 2086; x_wconf 86' lang='lat' dir='ltr'><strong>potuisset,</strong></span> <span class='ocrx_word' id='word_1_282' title='bbox 1028 2042 1073 2075; x_wconf 79' lang='lat' dir='ltr'><strong>ab</strong></span> <span class='ocrx_word' id='word_1_283' title='bbox 1100 2044 1179 2088; x_wconf 88' lang='lat' dir='ltr'><strong>ipso</strong></span> <span class='ocrx_word' id='word_1_284' title='bbox 1204 2045 1381 2087; x_wconf 79' lang='lat' dir='ltr'><strong>potuisse.</strong></span> <span class='ocrx_word' id='word_1_285' title='bbox 1436 2043 1483 2076; x_wconf 82' lang='lat' dir='ltr'><strong>Et</strong></span> <span class='ocrx_word' id='word_1_286' title='bbox 1518 2043 1604 2089; x_wconf 86' lang='lat' dir='ltr'><strong>quia</strong></span> <span class='ocrx_word' id='word_1_287' title='bbox 1636 2043 1761 2076; x_wconf 88' lang='lat' dir='ltr'><strong>multis</strong></span> 
     </span>
     <span class='ocr_line' id='line_1_32' title="bbox 314 2085 1761 2134; baseline 0.003 -17"><span class='ocrx_word' id='word_1_288' title='bbox 314 2085 539 2132; x_wconf 84' lang='lat' dir='ltr'><strong>assiduisque</strong></span> <span class='ocrx_word' id='word_1_289' title='bbox 563 2087 811 2133; x_wconf 87' lang='lat' dir='ltr'><strong>congressibus</strong></span> <span class='ocrx_word' id='word_1_290' title='bbox 835 2093 952 2121; x_wconf 85' lang='lat' dir='ltr'><strong>actum</strong></span> <span class='ocrx_word' id='word_1_291' title='bbox 981 2089 1130 2134; x_wconf 83' lang='lat' dir='ltr'><strong>egisset,</strong></span> <span class='ocrx_word' id='word_1_292' title='bbox 1167 2090 1289 2123; x_wconf 83' lang='lat' dir='ltr'><strong>mirari</strong></span> <span class='ocrx_word' id='word_1_293' title='bbox 1313 2101 1350 2124; x_wconf 87' lang='lat' dir='ltr'><strong>se</strong></span> <span class='ocrx_word' id='word_1_294' title='bbox 1360 2115 1372 2131; x_wconf 67' lang='lat'><em>„</em></span> <span class='ocrx_word' id='word_1_295' title='bbox 1405 2088 1586 2134; x_wconf 86' lang='lat' dir='ltr'><strong>quomodo</strong></span> <span class='ocrx_word' id='word_1_296' title='bbox 1609 2089 1700 2123; x_wconf 81' lang='lat' dir='ltr'><strong>aiios</strong></span> <span class='ocrx_word' id='word_1_297' title='bbox 1719 2088 1761 2122; x_wconf 83' lang='lat' dir='ltr'><strong>id</strong></span> 
     </span>
     <span class='ocr_line' id='line_1_33' title="bbox 316 2130 1759 2182; baseline 0.003 -18"><span class='ocrx_word' id='word_1_298' title='bbox 316 2130 387 2164; x_wconf 87' lang='lat' dir='ltr'><strong>sibi</strong></span> <span class='ocrx_word' id='word_1_299' title='bbox 424 2134 610 2166; x_wconf 84' lang='lat' dir='ltr'><strong>effecturos</strong></span> <span class='ocrx_word' id='word_1_300' title='bbox 647 2134 851 2180; x_wconf 85' lang='lat' dir='ltr'><strong>speraverit.</strong></span> <span class='ocrx_word' id='word_1_301' title='bbox 911 2135 1109 2179; x_wconf 81' lang='lat' dir='ltr'><strong>Imperator</strong></span> <span class='ocrx_word' id='word_1_302' title='bbox 1143 2137 1313 2182; x_wconf 81' lang='lat' dir='ltr'><strong>quoniam</strong></span> <span class='ocrx_word' id='word_1_303' title='bbox 1347 2140 1513 2170; x_wconf 78' lang='lat' dir='ltr'><strong>conatum</strong></span> <span class='ocrx_word' id='word_1_304' title='bbox 1543 2147 1646 2170; x_wconf 88' lang='lat' dir='ltr'><strong>suum</strong></span> <span class='ocrx_word' id='word_1_305' title='bbox 1681 2135 1759 2169; x_wconf 83' lang='lat' dir='ltr'><strong>fore</strong></span> 
     </span>
     <span class='ocr_line' id='line_1_34' title="bbox 317 2177 1759 2227; baseline 0.003 -18"><span class='ocrx_word' id='word_1_306' title='bbox 317 2177 464 2210; x_wconf 86' lang='lat' dir='ltr'><strong>inanem</strong></span> <span class='ocrx_word' id='word_1_307' title='bbox 496 2179 684 2221; x_wconf 81' lang='lat' dir='ltr'><strong>cernebat,</strong></span> <span class='ocrx_word' id='word_1_308' title='bbox 715 2191 843 2224; x_wconf 82' lang='lat' dir='ltr'><strong>magno</strong></span> <span class='ocrx_word' id='word_1_309' title='bbox 876 2181 916 2214; x_wconf 90' lang='lat' dir='ltr'><strong>in</strong></span> <span class='ocrx_word' id='word_1_310' title='bbox 949 2181 1074 2215; x_wconf 90' lang='lat' dir='ltr'><strong>dolore</strong></span> <span class='ocrx_word' id='word_1_311' title='bbox 1098 2193 1164 2226; x_wconf 87' lang='lat' dir='ltr'><strong>per</strong></span> <span class='ocrx_word' id='word_1_312' title='bbox 1187 2182 1265 2216; x_wconf 89' lang='lat' dir='ltr'><strong>dies</strong></span> <span class='ocrx_word' id='word_1_313' title='bbox 1289 2182 1489 2227; x_wconf 86' lang='lat' dir='ltr'><strong>complures</strong></span> <span class='ocrx_word' id='word_1_314' title='bbox 1512 2183 1603 2224; x_wconf 81' lang='lat' dir='ltr'><strong>fuit,</strong></span> <span class='ocrx_word' id='word_1_315' title='bbox 1640 2181 1759 2227; x_wconf 82' lang='lat' dir='ltr'><strong>deque</strong></span> 
     </span>
     <span class='ocr_line' id='line_1_35' title="bbox 316 2223 1759 2275; baseline 0.003 -19"><span class='ocrx_word' id='word_1_316' title='bbox 316 2224 436 2268; x_wconf 82' lang='lat' dir='ltr'><strong>magni</strong></span> <span class='ocrx_word' id='word_1_317' title='bbox 462 2223 651 2258; x_wconf 85' lang='lat' dir='ltr'><strong>domestici</strong></span> <span class='ocrx_word' id='word_1_318' title='bbox 672 2225 924 2260; x_wconf 89' lang='lat' dir='ltr'><strong>inobedientia</strong></span> <span class='ocrx_word' id='word_1_319' title='bbox 949 2232 986 2260; x_wconf 86' lang='lat' dir='ltr'><strong>et</strong></span> <span class='ocrx_word' id='word_1_320' title='bbox 1007 2239 1133 2272; x_wconf 89' lang='lat' dir='ltr'><strong>parum</strong></span> <span class='ocrx_word' id='word_1_321' title='bbox 1161 2227 1314 2262; x_wconf 87' lang='lat' dir='ltr'><strong>honesta</strong></span> <span class='ocrx_word' id='word_1_322' title='bbox 1344 2229 1544 2273; x_wconf 80' lang='lat' dir='ltr'><strong>pertinacia</strong></span> <span class='ocrx_word' id='word_1_323' title='bbox 1575 2229 1759 2275; x_wconf 82' lang='lat' dir='ltr'><strong>querimo-</strong></span> 
     </span>
     <span class='ocr_line' id='line_1_36' title="bbox 316 2269 1758 2319; baseline 0.003 -17"><span class='ocrx_word' id='word_1_324' title='bbox 316 2269 414 2302; x_wconf 79' lang='lat' dir='ltr'><strong>niam</strong></span> <span class='ocrx_word' id='word_1_325' title='bbox 437 2269 575 2304; x_wconf 86' lang='lat' dir='ltr'><strong>habuit.</strong></span> <span class='ocrx_word' id='word_1_326' title='bbox 623 2271 876 2306; x_wconf 85' lang='lat' dir='ltr'><strong>Verumtamen</strong></span> <span class='ocrx_word' id='word_1_327' title='bbox 899 2274 1067 2318; x_wconf 88' lang='lat' dir='ltr'><strong>precibus</strong></span> <span class='ocrx_word' id='word_1_328' title='bbox 1093 2275 1170 2308; x_wconf 86' lang='lat' dir='ltr'><strong>eius</strong></span> <span class='ocrx_word' id='word_1_329' title='bbox 1196 2275 1409 2315; x_wconf 81' lang='lat' dir='ltr'><strong>obsecutus,</strong></span> <span class='ocrx_word' id='word_1_330' title='bbox 1436 2273 1482 2309; x_wconf 89' lang='lat' dir='ltr'><strong>de</strong></span> <span class='ocrx_word' id='word_1_331' title='bbox 1505 2286 1543 2308; x_wconf 90' lang='lat' dir='ltr'><strong>re</strong></span> <span class='ocrx_word' id='word_1_332' title='bbox 1568 2279 1758 2319; x_wconf 82' lang='lat' dir='ltr'><strong>tantopere</strong></span> 
     </span>
     <span class='ocr_line' id='line_1_37' title="bbox 316 2316 1756 2365; baseline 0.003 -17"><span class='ocrx_word' id='word_1_333' title='bbox 316 2316 439 2360; x_wconf 84' lang='lat' dir='ltr'><strong>cupita</strong></span> <span class='ocrx_word' id='word_1_334' title='bbox 462 2318 647 2351; x_wconf 81' lang='lat' dir='ltr'><strong>conticuit.</strong></span> <span class='ocrx_word' id='word_1_335' title='bbox 685 2319 744 2352; x_wconf 87' lang='lat' dir='ltr'><strong>Illi</strong></span> <span class='ocrx_word' id='word_1_336' title='bbox 769 2319 844 2360; x_wconf 83' lang='lat' dir='ltr'><strong>alii,</strong></span> <span class='ocrx_word' id='word_1_337' title='bbox 869 2319 958 2365; x_wconf 90' lang='lat' dir='ltr'><strong>quid</strong></span> <span class='ocrx_word' id='word_1_338' title='bbox 981 2322 1175 2365; x_wconf 82' lang='lat' dir='ltr'><strong>imperator</strong></span> <span class='ocrx_word' id='word_1_339' title='bbox 1198 2322 1383 2361; x_wconf 87' lang='lat' dir='ltr'><strong>voluisset,</strong></span> <span class='ocrx_word' id='word_1_340' title='bbox 1406 2331 1481 2356; x_wconf 91' lang='lat' dir='ltr'><strong>non</strong></span> <span class='ocrx_word' id='word_1_341' title='bbox 1505 2321 1590 2354; x_wconf 77' lang='lat' dir='ltr'><strong>satis</strong></span> <span class='ocrx_word' id='word_1_342' title='bbox 1608 2325 1756 2354; x_wconf 88' lang='lat' dir='ltr'><strong>norant:</strong></span> 
     </span>
     <span class='ocr_line' id='line_1_38' title="bbox 313 2362 1755 2411; baseline 0.004 -18"><span class='ocrx_word' id='word_1_343' title='bbox 313 2362 387 2394; x_wconf 88' lang='lat' dir='ltr'><strong>nisi</strong></span> <span class='ocrx_word' id='word_1_344' title='bbox 417 2362 515 2408; x_wconf 90' lang='lat' dir='ltr'><strong>quod</strong></span> <span class='ocrx_word' id='word_1_345' title='bbox 538 2365 780 2398; x_wconf 86' lang='lat' dir='ltr'><strong>verisimiliter</strong></span> <span class='ocrx_word' id='word_1_346' title='bbox 810 2367 1082 2407; x_wconf 87' lang='lat' dir='ltr'><strong>coniectabant,</strong></span> <span class='ocrx_word' id='word_1_347' title='bbox 1116 2366 1162 2401; x_wconf 88' lang='lat' dir='ltr'><strong>de</strong></span> <span class='ocrx_word' id='word_1_348' title='bbox 1205 2367 1327 2401; x_wconf 84' lang='lat' dir='ltr'><strong>arduis</strong></span> <span class='ocrx_word' id='word_1_349' title='bbox 1358 2367 1513 2410; x_wconf 83' lang='lat' dir='ltr'><strong>negotiis</strong></span> <span class='ocrx_word' id='word_1_350' title='bbox 1550 2378 1631 2400; x_wconf 88' lang='lat' dir='ltr'><strong>cum</strong></span> <span class='ocrx_word' id='word_1_351' title='bbox 1666 2367 1755 2411; x_wconf 84' lang='lat' dir='ltr'><strong>ipsis</strong></span> 
     </span>
     <span class='ocr_line' id='line_1_39' title="bbox 314 2409 1759 2458; baseline 0.005 -19"><span class='ocrx_word' id='word_1_352' title='bbox 314 2413 487 2449; x_wconf 78' lang='lat' dir='ltr'><strong>acturum,</strong></span> <span class='ocrx_word' id='word_1_353' title='bbox 513 2409 745 2445; x_wconf 88' lang='lat' dir='ltr'><strong>adomestico</strong></span> <span class='ocrx_word' id='word_1_354' title='bbox 767 2411 979 2455; x_wconf 88' lang='lat' dir='ltr'><strong>impeditum</strong></span> <span class='ocrx_word' id='word_1_355' title='bbox 1002 2413 1129 2447; x_wconf 76' lang='lat' dir='ltr'><strong>fuisse:</strong></span> <span class='ocrx_word' id='word_1_356' title='bbox 1156 2424 1265 2458; x_wconf 82' lang='lat' dir='ltr'><strong>quam</strong></span> <span class='ocrx_word' id='word_1_357' title='bbox 1291 2424 1366 2446; x_wconf 88' lang='lat' dir='ltr'><strong>rem</strong></span> <span class='ocrx_word' id='word_1_358' title='bbox 1392 2413 1427 2445; x_wconf 86' lang='lat' dir='ltr'><strong>ei</strong></span> <span class='ocrx_word' id='word_1_359' title='bbox 1449 2413 1540 2446; x_wconf 85' lang='lat' dir='ltr'><strong>vitio</strong></span> <span class='ocrx_word' id='word_1_360' title='bbox 1566 2413 1759 2448; x_wconf 81' lang='lat' dir='ltr'><strong>vertebant</strong></span> 
     </span>
     <span class='ocr_line' id='line_1_40' title="bbox 314 2456 1758 2504; baseline 0.004 -18"><span class='ocrx_word' id='word_1_361' title='bbox 314 2465 508 2500; x_wconf 87' lang='lat' dir='ltr'><strong>secumque</strong></span> <span class='ocrx_word' id='word_1_362' title='bbox 541 2456 768 2502; x_wconf 86' lang='lat' dir='ltr'><strong>iniquissime</strong></span> <span class='ocrx_word' id='word_1_363' title='bbox 804 2464 922 2491; x_wconf 86' lang='lat' dir='ltr'><strong>actum</strong></span> <span class='ocrx_word' id='word_1_364' title='bbox 955 2459 1238 2497; x_wconf 81' lang='lat' dir='ltr'><strong>contendebant.</strong></span> <span class='ocrx_word' id='word_1_365' title='bbox 1298 2458 1412 2493; x_wconf 87' lang='lat' dir='ltr'><strong>Nemo</strong></span> <span class='ocrx_word' id='word_1_366' title='bbox 1438 2464 1558 2493; x_wconf 87' lang='lat' dir='ltr'><strong>antem</strong></span> <span class='ocrx_word' id='word_1_367' title='bbox 1593 2461 1658 2504; x_wconf 87' lang='lat' dir='ltr'><strong>qui</strong></span> <span class='ocrx_word' id='word_1_368' title='bbox 1687 2461 1758 2493; x_wconf 82' lang='lat' dir='ltr'><strong>ista</strong></span> 
     </span>
     <span class='ocr_line' id='line_1_41' title="bbox 314 2500 1757 2551; baseline 0.005 -19"><span class='ocrx_word' id='word_1_369' title='bbox 314 2500 436 2541; x_wconf 83' lang='lat' dir='ltr'><strong>audit,</strong></span> <span class='ocrx_word' id='word_1_370' title='bbox 460 2502 561 2535; x_wconf 90' lang='lat' dir='ltr'><strong>nullo</strong></span> <span class='ocrx_word' id='word_1_371' title='bbox 580 2509 788 2547; x_wconf 81' lang='lat' dir='ltr'><strong>argumento</strong></span> <span class='ocrx_word' id='word_1_372' title='bbox 811 2505 960 2549; x_wconf 81' lang='lat' dir='ltr'><strong>probata</strong></span> <span class='ocrx_word' id='word_1_373' title='bbox 982 2518 1046 2539; x_wconf 91' lang='lat' dir='ltr'><strong>nos</strong></span> <span class='ocrx_word' id='word_1_374' title='bbox 1073 2506 1229 2539; x_wconf 86' lang='lat' dir='ltr'><strong>scribere</strong></span> <span class='ocrx_word' id='word_1_375' title='bbox 1258 2517 1301 2539; x_wconf 85' lang='lat' dir='ltr'><strong>ac</strong></span> <span class='ocrx_word' id='word_1_376' title='bbox 1329 2506 1477 2539; x_wconf 83' lang='lat' dir='ltr'><strong>mentiri</strong></span> <span class='ocrx_word' id='word_1_377' title='bbox 1509 2510 1633 2550; x_wconf 85' lang='lat' dir='ltr'><strong>putet,</strong></span> <span class='ocrx_word' id='word_1_378' title='bbox 1658 2503 1757 2551; x_wconf 87' lang='lat' dir='ltr'><strong>quod</strong></span> 
     </span>
     <span class='ocr_line' id='line_1_42' title="bbox 313 2544 1758 2595; baseline 0.004 -17"><span class='ocrx_word' id='word_1_379' title='bbox 313 2544 404 2580; x_wconf 82' lang='lat' dir='ltr'><strong>haec</strong></span> <span class='ocrx_word' id='word_1_380' title='bbox 423 2559 537 2593; x_wconf 90' lang='lat' dir='ltr'><strong>usque</strong></span> <span class='ocrx_word' id='word_1_381' title='bbox 559 2547 669 2582; x_wconf 90' lang='lat' dir='ltr'><strong>hodie</strong></span> <span class='ocrx_word' id='word_1_382' title='bbox 691 2562 765 2584; x_wconf 90' lang='lat' dir='ltr'><strong>non</strong></span> <span class='ocrx_word' id='word_1_383' title='bbox 797 2551 944 2595; x_wconf 86' lang='lat' dir='ltr'><strong>publice</strong></span> <span class='ocrx_word' id='word_1_384' title='bbox 972 2554 1218 2586; x_wconf 85' lang='lat' dir='ltr'><strong>innotuerunt.</strong></span> <span class='ocrx_word' id='word_1_385' title='bbox 1265 2552 1393 2586; x_wconf 86' lang='lat' dir='ltr'><strong>Testor</strong></span> <span class='ocrx_word' id='word_1_386' title='bbox 1421 2552 1519 2585; x_wconf 86' lang='lat' dir='ltr'><strong>enim</strong></span> <span class='ocrx_word' id='word_1_387' title='bbox 1548 2552 1668 2589; x_wconf 84' lang='lat' dir='ltr'><strong>omnia</strong></span> <span class='ocrx_word' id='word_1_388' title='bbox 1698 2552 1758 2584; x_wconf 88' lang='lat' dir='ltr'><strong>in·-</strong></span> 
     </span>
     <span class='ocr_line' id='line_1_43' title="bbox 314 2596 1757 2644; baseline 0.003 -18"><span class='ocrx_word' id='word_1_389' title='bbox 314 2599 533 2638; x_wconf 89' lang='lat' dir='ltr'><strong>spectantem</strong></span> <span class='ocrx_word' id='word_1_390' title='bbox 553 2599 591 2628; x_wconf 79' lang='lat' dir='ltr'><strong>et</strong></span> <span class='ocrx_word' id='word_1_391' title='bbox 609 2596 796 2638; x_wconf 84' lang='lat' dir='ltr'><strong>universis,</strong></span> <span class='ocrx_word' id='word_1_392' title='bbox 820 2609 910 2642; x_wconf 83' lang='lat' dir='ltr'><strong>quae</strong></span> <span class='ocrx_word' id='word_1_393' title='bbox 928 2598 1031 2639; x_wconf 86' lang='lat' dir='ltr'><strong>fiunt,</strong></span> <span class='ocrx_word' id='word_1_394' title='bbox 1055 2610 1196 2643; x_wconf 88' lang='lat' dir='ltr'><strong>semper</strong></span> <span class='ocrx_word' id='word_1_395' title='bbox 1215 2603 1441 2643; x_wconf 81' lang='lat' dir='ltr'><strong>praesentem</strong></span> <span class='ocrx_word' id='word_1_396' title='bbox 1465 2599 1757 2644; x_wconf 81' lang='lat' dir='ltr'><strong>incertorumque</strong></span> 
     </span>
     <span class='ocr_line' id='line_1_44' title="bbox 314 2641 1755 2691; baseline 0.003 -17"><span class='ocrx_word' id='word_1_397' title='bbox 314 2646 352 2675; x_wconf 88' lang='lat' dir='ltr'><strong>et</strong></span> <span class='ocrx_word' id='word_1_398' title='bbox 365 2641 586 2676; x_wconf 89' lang='lat' dir='ltr'><strong>occultorum</strong></span> <span class='ocrx_word' id='word_1_399' title='bbox 610 2641 706 2677; x_wconf 88' lang='lat' dir='ltr'><strong>nihil</strong></span> <span class='ocrx_word' id='word_1_400' title='bbox 721 2644 943 2679; x_wconf 86' lang='lat' dir='ltr'><strong>nescientem</strong></span> <span class='ocrx_word' id='word_1_401' title='bbox 965 2646 1099 2686; x_wconf 82' lang='lat' dir='ltr'><strong>Deum,</strong></span> <span class='ocrx_word' id='word_1_402' title='bbox 1122 2656 1180 2678; x_wconf 87' lang='lat' dir='ltr'><strong>me</strong></span> <span class='ocrx_word' id='word_1_403' title='bbox 1201 2656 1320 2691; x_wconf 85' lang='lat' dir='ltr'><strong>neque</strong></span> <span class='ocrx_word' id='word_1_404' title='bbox 1347 2645 1387 2680; x_wconf 88' lang='lat' dir='ltr'><strong>in</strong></span> <span class='ocrx_word' id='word_1_405' title='bbox 1415 2646 1542 2679; x_wconf 86' lang='lat' dir='ltr'><strong>ceteris</strong></span> <span class='ocrx_word' id='word_1_406' title='bbox 1572 2645 1755 2686; x_wconf 87' lang='lat' dir='ltr'><strong>omnibus,</strong></span> 
     </span>
    </p>
   </div>
  </div>
 </body>
</html>
