1852 3146
551 51 930 96 111s'ron1AnnM
969 55 1004 96 1.
1043 57 1110 102 50.
1458 33 1567 110 247

119 155 347 214 συμφέρον
366 153 444 199 καὶ
469 159 558 204 τοῖς
592 149 735 206 ἄλλοις
767 153 1000 209 Ῥωμαίοις
1038 153 1126 199 καὶ.
1143 155 1460 211 βουλεύσασθαι
1503 153 1770 209 καὶΔ-(Ξηὸη

122 221 326 284 Ἰροῖξοιι.”
357 220 546 263 Τοιαῦτα
574 220 654 274 μὲν
683 219 885 277 βασιλεὺς
920 218 943 263 ὅ
975 222 1065 272 νέος
1089 219 1441 279 διεπρεσβεύσατο
1469 219 1577 279 πρὸς

118 282 298 343 βασιλέα
320 283 396 328 τὸν
416 282 600 328 πάππον.
1418 303 1420 306 ·

29 394 31 396 ,
135 342 138 345 ,
229 348 278 395 ν’.
325 351 411 401 Ἐἷς
431 349 668 404 Βυζάντιον
699 353 746 394 δὲ
778 353 860 395 τῶν
893 354 1111 408 πρέσβεων
1138 347 1427 409 ἀφικομένων,
1459 350 1623 410 ,πρό-1)

33 415 42 464 J(
93 411 240 475 ξηρος
257 414 397 460 ἐλθών
416 415 704 472 ἆΚωκαλᾶς,
741 418 879 462 πάντα
907 415 1014 460 κατά
1039 418 1168 474 μέρος
1193 416 1344 477 διεξῄει
1374 418 1481 475 πρὸς
1497 422 1579 475 βα-

117 483 260 538 σιλέα,
301 476 384 526 ὅσα
406 498 453 526 τε
476 482 602 526 αὐτοὶ
623 485 894 540 ἐγκαλοῦντες
920 481 1074 526 εἴποιεν
1097 484 1155 540 τῷ
1175 485 1253 541 νέῳ
1274 487 1462 538 βασιλεῖ,
1508 483 1581 528 καὶ

123 548 235 598 οἵαις
264 545 388 605 αὕτός
414 546 521 606 πρὸς
549 550 706 592 ἕκαστα
739 548 949 606 χρήσαιτο
975 553 1070 598 ταῖς
1099 547 1368 604 ἀπολογίαις,
1410 551 1485 592 καί
1513 566 1582 592 τε.

118 610 416 658 ,λευταῖονὸσα
436 613 815 672 διαπρεσβεύσαιτο
840 612 947 672 πρὸς
969 612 1112 657 αὐτόν.
1141 616 1216 657 καί
1234 612 1374 666 ἔδοξεν
1398 615 1452 656 ου’
1472 610 1577 658 κατὰ

24 738 27 739 ⁷
120 677 359 739 καιρόνιτὴν
383 681 517 729 ἐκεῖσε
536 683 619 724 τῶν
641 681 877 738 ἀρχιερέων
905 679 980 724 καί
1008 681 1093 722 τῶν
1122 673 1262 723 ἄλλων
1287 674 1432 736 ἄφιξιν
1461 696 1578 736 γεγε..

15 743 39 781 '¹33
73 747 314 804 ιονῆσθαι,”
338 745 403 798 ὥς
422 747 603 804 ἀνάγκης
643 742 725 804 ἤδη
759 742 887 804 οὔσης
915 742 945 803 ἢ
970 745 1075 803 πρὸς
1108 744 1199 802 τήν,
1221 744 1388 802 εἰρήνην
1411 751 1581 803 χωρεῖν,

17 800 20 811 ’
120 809 147 870 ἢ
173 811 450 870 ὁρμημένους
479 818 674 868 πολεμεῖν
716 812 936 870 προδήλως
978 807 1058 869 ἤδη
1091 814 1222 856 πᾶσιν
1249 812 1409 855 ἀδικεῖν
1431 814 1581 855 δοκεῖν.

120 874 224 932 ’μετά
242 876 395 936 μικρὸν
418 880 465 923 δὲ
489 881 562 923 καί
585 877 624 922 οἱ
649 881 791 922 λοιποί
812 880 1008 929 ἐλθόντες
1027 877 1102 922 καὶ
1130 878 1493 935 προσκυνήσαντες
1509 878 1582 921 τὸν

119 944 311 1000 βασιλέα,
339 944 464 989 οὐδὲν
484 944 777 1003 ἐπετράπησαν
805 945 936 988 εἰπεῖν
969 946 1052 988 τῶν
1085 944 1192 987 κατὰ
1216 943 1292 1001 τήν
1325 946 1550 1001 πρεσβείαν
1568 950 1709 1000 ,P.153

122 1000 217 1052 ἀλλ’
240 1011 414 1054 ἕκαστον
441 1009 584 1054 οἴκαδε
610 1009 871 1061 ἀπελθόντας
901 1011 1075 1068 ἠρεμεῖν
1083 1044 1098 1065 ,
1137 1005 1264 1067 ἄχρις
1293 1005 1346 1053 ἂν
1371 1010 1581 1064 βασιλέως

21 1092 27 1119 ς
72 1073 425 1132 ιόπροστάξαντος
458 1077 739 1134 ἀπαγγείλωσι
776 1074 831 1118 τά
869 1079 944 1133 τῆς
985 1078 1236 1134 πρεσβείας.
1284 1078 1407 1120 τοῦτο
1446 1078 1494 1119 δὲ
1528 1073 1583 1133 ἦν

123 1141 280 1196 σκῆψις
303 1141 541 1200 εὖπρεπής.
585 1141 701 1195 ἔδοξε
727 1141 810 1199 γὰρ
838 1146 1010 1198 βασιλεῖ
1029 1145 1189 1197 μᾶλλον
1216 1146 1450 1186 λυσιτελεῖν
1479 1158 1581 1185 σιω-

122 1207 185 1264 πῇ
217 1203 266 1248 τὰ
294 1209 468 1265 πρᾶγμα
495 1211 737 1265 παρελθεῖν,
766 1206 971 1251 δεδοικότι
989 1207 1076 1265 μή,
1116 1200 1297 1267 δημοσίᾳ
1324 1204 1583 1263 ἀπαγγελλο-

68 1295 71 1297 >
121 1272 251 1327 μένης
278 1273 352 1328 τῆς,
376 1274 614 1331 πρεσβείας,
638 1268 671 1331 ἢ
701 1274 973 1330 ἀναγκάζοιτο
1000 1271 1116 1331 παρά
1145 1271 1311 1316 πάντων
1349 1273 1582 1330 εἰρηνεύειν

122 1341 406 1394 πεπεισμένων
433 1335 530 1397 ἤδη,
558 1338 633 1383 τὸν
650 1342 741 1384 νέον
758 1341 937 1396 βασιλέα
959 1342 1033 1383 καί
1058 1341 1204 1382 δίκαια
1233 1341 1307 1382 καί
1332 1341 1578 1396 συμφέρον-

25 1423 33 1433 ⁴
67 1420 177 1451 αοτα
205 1400 366 1460 ἀξιοῦν,
392 1402 421 1463 ἢ
449 1406 490 1449 εἷ
512 1404 571 1463 μή
597 1406 798 1462 πείθοιτο,
828 1408 967 1463 δοκοίη
997 1408 1193 1464 φανερῶς
1221 1402 1405 1449 ἀδικεῖν.
1432 1407 1477 1457 ἓξ
1503 1406 1582 1458 μὲν

122 1463 200 1513 οὖν
236 1470 395 1528 ἡμέραι
421 1474 663 1530 παρῆλθον,
697 1475 771 1516 καί
796 1475 872 1530 τῆς
908 1473 1134 1531 πρεσβείας
1174 1471 1295 1528 λόγος
1331 1468 1383 1529 ἦν
1423 1471 1581 1520 οὐδείς.

120 1534 354 1591 ἆχθόμενος
381 1538 427 1580 δὲ
444 1536 468 1579 0‘
490 1539 753 1595 πατριάρχης
779 1538 852 1582 ἐπὶ
868 1541 918 1596 τῇ
942 1540 1020 1581 τοῦ
1036 1538 1193 1596 χρόνου
1223 1538 1477 1594 παρατάσει,
1505 1552 1583 1590 με-

119 1599 280 1658 μήνυκε
306 1601 414 1658 πρὸς
437 1605 640 1659 βασιλέα,
685 1603 743 1654 ὥς
780 1606 851 1658 »ἓξ
878 1604 1048 1661 ἡμερῶν
1075 1604 1410 1661 παρελθουσῶν,
1453 1601 1610 1644 οὕδὲνΒ

122 1663 241 1724 παρὰ
280 1668 365 1710 τῶν
402 1666 509 1725 πρὸς
534 1670 714 1723 βασιλέα
748 1667 823 1712 τὸν
849 1667 1016 1724 ἔγγονον
1055 1667 1128 1712 τὸν
1154 1667 1228 1712 σὸν
1257 1668 1579 1721 ἀπεσταλμένων

125 1788 205 1819 cem
232 1788 399 1822 υπατος
422 1789 530 1826 quam
549 1784 591 1813 tu
623 1791 771 1826 quoque
795 1790 968 1820 servares,
991 1780 1026 1814 si
1043 1784 1082 1814 et
1109 1781 1265 1825 cogitare
1287 1785 1325 1815 et
1349 1781 1469 1816 facere
1492 1794 1579 1816 nos-

123 1835 181 1860 ses
214 1825 315 1872 quod
355 1825 401 1860 ad
422 1831 523 1860 tuam
543 1827 860 1875 Romanorumque
887 1826 1087 1861 utilitatem
1115 1828 1287 1873 pertinet.
1335 1828 1432 1862 Haec
1457 1829 1579 1863 iunior

124 1871 172 1906 ad
187 1872 368 1908 seniorem
386 1884 453 1919 per
478 1873 626 1919 legatos.

215 1918 271 1954 50.
321 1920 373 1954 lis
393 1920 601 1964 Byzantium
624 1921 787 1962 reversis,
813 1924 1039 1954 antevertens
1060 1920 1150 1954 alios
1166 1919 1328 1963 Cocalas,
1350 1923 1472 1956 omnia
1491 1933 1579 1967 par-

123 1964 309 2000 ticula-tim
337 1967 550 2012 imperatori
582 1966 770 2008 edisserit,
823 1977 1060 2013 quaecunque
1094 1968 1265 2001 nimirum
1305 1969 1432 2014 nepoti
1470 1969 1577 2003 obie-

123 2012 285 2054 cissent,
313 2018 351 2047 et
376 2014 560 2060 quomodo
590 2014 654 2048 ille
682 2013 832 2058 singulis
866 2014 1096 2057 occurrisset3
1138 2019 1175 2047 et
1202 2014 1351 2048 tandem
1389 2027 1481 2060 quae
1511 2026 1576 2049 avo

122 2058 370 2094 renuntianda
401 2061 661 2095 commisisset:
702 2061 915 2107 visumque,
951 2060 1051 2095 haud
1089 2061 1230 2094 utiliter
1256 2063 1443 2107 episcopos
1478 2068 1578 2096 cete-

122 2117 255 2153 rosque
280 2106 369 2140 illuc
390 2107 572 2152 profectos
595 2107 707 2141 fuisse
722 2133 732 2149 ‚
757 2107 1054 2154 quandoquidem
1078 2118 1225 2141 necesse
1252 2108 1324 2141 iam
1344 2109 1402 2149 sit,
1425 2114 1487 2142 aut
1511 2121 1576 2154 pa—

123 2163 202 2187 cem
220 2151 411 2188 admittere
431 2159 495 2188 aut
514 2154 558 2188 ad
578 2166 671 2188 arma
695 2153 920 2200 prosiliendo
944 2154 1062 2199 palam
1080 2154 1334 2188 malefaciendi
1350 2156 1576 2190 voluntatem

154 2198 292 2234 rodere.
328 2201 438 2234 Paulo
456 2207 539 2246 post
565 2202 778 2236 accedentes
796 2201 930 2246 reliqui
948 2201 1275 2247 imperatoremque
1303 2202 1508 2244 adorantes,
1531 2202 1576 2235 de

119 2276 121 2278 .
142 2246 320 2291 egatione‚
343 2259 449 2293 quam
465 2247 644 2282 haberent
667 2260 687 2281 a
714 2253 869 2293 nepote,
894 2254 1025 2288 tacere,
1052 2247 1198 2281 domum
1224 2248 1378 2294 quisque
1398 2261 1496 2282 sunm
1518 2261 1577 2282 re-

126 2291 205 2326 dire
229 2296 267 2326 et
284 2293 470 2340 quiescere
485 2296 573 2329 iussi
590 2302 686 2337 sunt,
713 2295 828 2329 donec
841 2295 940 2329 illius
955 2294 1128 2328 mandatu
1149 2306 1226 2328 eam
1241 2302 1476 2340 exponerent.
1501 2296 1578 2329 Hoc

124 2337 221 2372 nihil
242 2339 363 2380 aliud,
387 2352 493 2388 quam
517 2342 710 2376 honesturn
730 2341 911 2388 quoddam
940 2342 1184 2375 velamentum
1207 2347 1296 2379 erat.
1344 2342 1575 2376 Commodius

125 2386 223 2420 enim
245 2387 448 2429 statuebat,
464 2401 548 2423 ¹rem
575 2390 722 2423 silentio
747 2389 993 2430 dissimulare,
1020 2400 1100 2422 cum
1130 2389 1286 2429 timeret,
1312 2400 1358 2422 ne
1379 2391 1409 2422 si
1427 2390 1575 2434 publice

124 2438 311 2466 narrarent
331 2446 426 2480 quae
453 2435 661 2477 debebant,
689 2442 752 2470 aut
773 2442 961 2480 cogeretur
983 2435 1028 2469 ab
1052 2435 1221 2469 omnibus
1247 2446 1372 2480 pacem
1400 2438 1575 2481 accipere,

97 2482 253 2524 ‚utpote
284 2480 356 2512 iam
380 2483 581 2525 persuasis,
620 2489 791 2528 nepotem
821 2484 1075 2528 imperatorem
1113 2482 1208 2515 iusta
1238 2487 1275 2515 et
1298 2482 1403 2515 utilia
1428 2489 1573 2528 petere:

125 2529 189 2559 aut
202 2526 232 2559 si
252 2533 444 2570 recusaret,
457 2535 581 2575 aperte
597 2536 722 2564 contra
741 2541 896 2577 aequum
918 2535 955 2563 et
972 2529 1110 2563 bonum
1133 2540 1237 2575 agere
1255 2535 1473 2567 censeretur,
1499 2531 1575 2562 Iam

125 2569 212 2606 dieu*
228 2572 307 2606 seni
332 2573 568 2618 effluxerant,
602 2577 704 2611 nulla
729 2577 876 2611 interim
902 2577 1094 2623 legationis
1130 2578 1318 2610 mentione
1342 2576 1435 2609 facta
1450 2601 1458 2616 ‚
1493 2587 1575 2609 cum

124 2612 329 2665 patriarcha
351 2619 448 2655 diem
472 2624 626 2668 proferri
653 2635 757 2669 aegre
782 2624 924 2664 ferens,
963 2622 1158 2665 admonet,
1194 2622 1290 2656 diem
1325 2628 1466 2656 sextum
1500 2624 1575 2656 iam

125 2665 382 2712 praeteriisse,
420 2680 488 2704 nee
511 2669 628 2705 adhuc
655 2670 857 2718 quidquam
892 2670 938 2705 ab
963 2670 1142 2717 episcopis
1178 2668 1224 2704 ad
1251 2674 1421 2715 nepotem
1452 2669 1573 2704 missis
