1728 3158
264 138 391 177 xvul
838 130 870 168 1.
908 128 1142 170 PONTANI
1344 173 1349 176 ,
1679 0 1728 187 1

1710 189 1728 212 (ἡ

264 312 394 364 guinis
423 309 586 362 plenas,
640 314 680 346 et
705 307 867 345 omnino
898 302 1224 360 ῥητορικωτέρας
1255 306 1404 349 dixero.
1477 309 1714 354 Praeterea.

264 374 330 413 hic
359 374 536 413 invenire
554 378 614 411 est
641 369 748 410 locos
768 383 997 410 communes
1014 376 1204 411 tractatos
1224 374 1379 427 egregie
1392 403 1406 426 ‚
1443 376 1540 415 scite
1566 375 1690 429 dicta,
1712 396 1714 398 ·

263 438 484 492 paroemias
514 450 595 476 non
627 435 811 491 vulgares
826 466 837 487 ,
883 435 1099 475 celebrium
1133 438 1372 491 scriptorum
1401 440 1460 492 (ut
1488 439 1539 481 de
1570 443 1692 483 sacris

263 509 415 542 taceam
431 502 459 554 )
473 503 700 554 sententias,
738 501 900 543 fabellas
920 501 1072 555 aliquot
1096 501 1247 555 lepidas
1283 511 1323 543 et
1345 503 1397 544 ad
1414 518 1500 545 rem
1525 506 1693 548 demon-

263 567 467 606 strandam
486 569 685 621 appositas
702 581 714 607 :
744 581 843 621 quas
857 596 869 619 ,
909 573 956 606 ut
980 567 1072 618 scis,
1100 567 1438 622 Philosophorum
1457 570 1516 611 illi
1536 574 1691 613 antisti-

262 639 339 682 tes,
364 632 481 671 Plato
510 640 550 672 et
571 631 821 683 Aristoteles,
850 633 1082 686 neutiquam
1107 635 1416 676 contemnendas
1441 636 1692 682 censuerunt.

264 697 433 751 Capient
453 705 493 738 te
514 699 626 750 item,
655 712 754 752 quas
776 699 942 738 strictim
965 699 1138 752 attingit,
1164 699 1368 740 Romanae
1385 700 1593 743 historiam
1623 717 1691 743 ca-

263 764 374 817 pient
397 764 499 804 varii
529 765 654 804 ritus:
698 765 855 818 capient
881 776 981 817 quos
1013 764 1155 803 miscet
1182 765 1408 805 animorum
1427 774 1576 820 motus,
1602 775 1691 808 tum

264 827 371 869 lenes
408 843 454 868 ac
482 828 606 869 sedati
620 859 632 881 ,
673 843 773 883 quos
802 821 885 882 ἤθη
916 829 1082 880 Graeci,
1127 836 1216 869 tum
1255 844 1395 885 graves
1421 831 1480 872 illi
1529 839 1569 873 et
1604 847 1692 873 con-

264 245 411 296 dmere,
442 257 560 297 quam
581 242 612 280 si
633 255 697 280 eas
717 239 930 294 prudentes
943 269 955 291 ,
985 241 1164 293 copiosas
1177 270 1190 292 ,
1220 239 1516 299 nervorumque
1532 258 1579 286 ac
1596 258 1687 287 san-³
1710 218 1728 301 ἐξ

1718 425 1728 443 ι.

262 894 397 945 citati,
437 907 538 948 quos
576 893 697 934 iidem
731 892 845 947 πάθη
885 901 1057 934 vocant:
1110 895 1268 948 capient
1301 896 1583 952 descriptiones
1611 898 1687 938 ali-
1718 890 1728 894 ⁵

264 966 363 1012 quot
403 959 600 1013 insignes:
631 959 788 1013 capient
817 958 895 999 alia
924 959 1086 999 demum
1117 958 1302 1014 plurima.
1357 963 1512 1015 Quodsi
1555 978 1691 1004 rerum

263 1024 435 1064 varietas
453 1024 645 1076 delectat,
685 1023 736 1064 de
763 1038 843 1078 quo
866 1037 984 1063 nemo
1017 1024 1174 1065 dubitat
1188 1055 1200 1078 ,
1240 1040 1288 1067 ea
1313 1041 1408 1068 sane
1434 1028 1503 1069 hic·
1526 1029 1692 1069 mirifica

264 1090 441 1128 cernitur
454 1118 466 1141 ,
494 1096 540 1130 ut
566 1089 811 1144 singulorum
836 1089 1032 1129 librorum
1054 1091 1281 1144 periochae,
1309 1105 1381 1132 seu
1407 1094 1603 1148 epitomae
1628 1096 1691 1134 in-
1724 1127 1728 1129 .

264 1153 467 1197 dicabunt.
525 1155 733 1208 Episcopis
762 1154 918 1195 debitus
947 1155 1074 1195 honos
1088 1184 1100 1207 ,
1140 1163 1180 1196 et
1203 1159 1426 1206 reverentia
1451 1158 1517 1198 hic
1547 1159 1691 1199 tribui-

264 1224 345 1257 tur.
415 1218 620 1259 Catholica
649 1221 848 1271 instituta,
892 1221 1217 1275 ceremoniaeque
1252 1223 1309 1262 ita
1345 1230 1438 1263 sunt
1472 1237 1545 1278 per
1573 1224 1693 1264 hosce

265 1283 390 1325 libros
422 1283 623 1324 luculenta
637 1315 648 1337 ,
703 1292 749 1325 ut
785 1299 866 1325 non
902 1293 1013 1339 optes
1047 1287 1184 1340 magis.
1240 1287 1288 1326 In
1311 1289 1450 1341 primis
1488 1302 1586 1329 vero
1612 1290 1689 1330 Dei

266 1352 397 1390 Mater
430 1364 584 1390 summa
610 1351 652 1390 in
686 1350 940 1390 veneratione
975 1358 1056 1390 est:
1103 1352 1167 1390 cui
1196 1353 1315 1392 etiam
1337 1343 1439 1393 ¹urbs
1469 1361 1555 1393 tota
1585 1354 1692 1394 Con-

266 1415 540 1470 stantinopolis
564 1429 588 1467 a
616 1416 874 1456 Constantino
899 1417 1047 1470 Magno
1078 1418 1312 1469 commissa,
1359 1432 1406 1458 ac
1426 1418 1606 1459 dedicata
1634 1418 1692 1459 le-

267 1482 388 1534 gitur.
454 1481 551 1524 Vita
576 1483 793 1520 monastica
827 1488 886 1521 est
915 1480 973 1520 illi
1015 1481 1188 1535 πρᾶγμα
1220 1479 1343 1523 καλὸν
1376 1479 1448 1523 κατ’
1483 1483 1693 1538 θεοφιλὲς,

267 1543 497 1600 ἀπράγμων
535 1546 608 1586 καί
637 1542 788 1597 μεστὸς
817 1541 997 1600 γαλήνης
1033 1546 1148 1598 βίος,
1195 1542 1421 1601 ἀκρότατος
1460 1546 1575 1600 βίος,
1624 1545 1696 1589 καὶ

266 1608 490 1664 τελεωτάτη
516 1609 724 1662 πολιτεία,
771 1606 887 1651 θεῖόν
910 1625 953 1650 τι
987 1610 1136 1665 χρῆμα
1179 1611 1252 1652 καὶ
1276 1607 1390 1666 ἱερὸν
1397 1644 1411 1664 ,
1449 1612 1693 1668 φιλοσοφίαι,

267 1674 341 1714 καί
374 1674 472 1729 περὶ
500 1673 703 1730 οὐρανίων
741 1670 996 1729 πραγμάτων
1043 1675 1216 1728 γνῶσις,
1260 1672 1380 1730 ἔργον
1413 1673 1578 1732 ὑψηλὸν
1622 1677 1696 1719 καὶ

268 1736 346 1792 τήν
379 1737 644 1794 ἀνθρωπίνην
675 1735 926 1793 ὖπερβαῖνον
955 1737 1158 1792 δύναμιν,
1196 1737 1290 1796 ἱερὰ
1315 1737 1486 1795 ἡσυχία.
1539 1742 1590 1783 Id
1615 1750 1691 1795 est,

268 1817 336 1843 res
367 1805 538 1845 honesta
562 1833 580 1852 ,
638 1813 678 1845 et
713 1805 805 1846 Deo
839 1804 1056 1853 amabilis,
1108 1807 1196 1847 vita
1230 1809 1406 1860 negotiis
1431 1821 1593 1856 vacua,
1651 1817 1693 1849 et

271 1870 587 1924 tranquillitatis
617 1870 771 1927 plena,
818 1884 1053 1925 supremum
1111 1860 1162 1913 ac
1205 1871 1555 1926 perfectissimum
1581 1874 1692 1913 vitae

269 1933 532 1983 institutum,
562 1949 629 1974 res
651 1943 793 1977 sancta
842 1943 883 1975 et
903 1935 1070 1982 divina,
1114 1937 1407 1992 philosophia,
1438 1946 1479 1978 et
1513 1938 1692 1990 cognitio

269 2011 410 2038 rerum
436 1999 700 2048 coelestium,
742 2014 844 2054 opus
876 2000 1076 2047 sublime,
1129 2009 1170 2041 et
1200 2001 1389 2041 humanis
1422 2003 1583 2043 viribus
1607 2017 1692 2042 ma-

270 2062 335 2101 ius
346 2091 362 2109 ,
403 2064 518 2116 quies
548 2073 703 2108 sancta.
757 2066 936 2103 Montem
959 2078 1080 2117 porro
1109 2064 1218 2105 Atho
1232 2094 1243 2116 ,
1273 2065 1324 2105 ad
1347 2081 1466 2120 quem
1486 2066 1692 2121 complura

271 2127 475 2167 aedificata
508 2130 745 2169 monasteria
758 2159 769 2180 ,
813 2131 855 2168 in
879 2130 1023 2182 quibus
1062 2132 1199 2183 ingens
1236 2131 1522 2171 monachorum
1554 2132 1692 2172 multi-

270 2192 395 2243 tudo,
436 2189 551 2233 πόλιν
580 2191 772 2247 οὐράνιον
780 2225 793 2245 ,
835 2195 1048 2234 coelestem
1081 2196 1285 2234 civitatem
1313 2197 1505 2239 nominat.
1558 2197 1691 2237 Fucos

271 2255 361 2296 illos
388 2258 638 2299 scholasticos
652 2289 664 2309 ,
708 2258 779 2298 καί
807 2255 883 2306 τὰς
913 2255 1142 2311 ληκύθους,
1195 2267 1234 2299 et
1266 2263 1468 2314 pigmenta
1495 2262 1692 2302 Isocratea

271 2335 353 2361 non
381 2322 502 2362 habet
526 2315 622 2363 haec
643 2324 832 2363 historia:
873 2324 941 2363 sed
970 2331 1154 2363 ornatum
1179 2326 1390 2378 quemdam
1417 2327 1692 2379 matronalem,

273 2387 509 2442 virilemque
549 2403 594 2428 ac
627 2389 830 2428 robustam
854 2389 1098 2443 elegantiam.
1153 2390 1362 2435 Schemata
1389 2393 1583 2445 quaedam
1600 2407 1691 2432 ora-

274 2454 377 2491 toria
393 2482 404 2504 ,
449 2460 488 2492 et
513 2453 710 2493 Atticismi
737 2469 819 2493 non
850 2456 1007 2507 penitus
1032 2456 1190 2495 absunt.
1259 2457 1413 2511 Lingua
1443 2459 1582 2511 purior
1614 2466 1690 2510 est,

275 2530 396 2570 quam
426 2532 501 2572 pro
533 2518 601 2558 illa
630 2527 778 2570 aetate,
817 2534 898 2559 non
929 2534 1020 2559 cum
1042 2520 1143 2559 lacte
1166 2523 1331 2561 nutricis
1352 2522 1516 2574 hausta,
1554 2523 1622 2561 sed
1645 2537 1691 2562 ex

275 2581 387 2623 libris
419 2591 604 2637 percepta
635 2584 829 2628 videlicet.
904 2586 1008 2624 Nam
1036 2584 1105 2625 illo
1123 2584 1292 2625 'saeculo
1330 2586 1424 2640 (sub
1451 2586 1690 2632 Andronicis

277 2649 467 2690 nimirum
505 2657 543 2691 et
563 2650 699 2705 antea)
722 2664 804 2694 non
832 2650 1080 2692 mediocriter
1108 2650 1368 2706 infuscatam,
1397 2659 1435 2692 et
1455 2654 1690 2692 mutationes
