1832 3138
288 149 305 183 1
321 127 350 182 5
360 149 388 181 α
821 139 1199 185 CANTACUZENJ

86 251 125 285 A.
138 252 268 288 C.1322
283 245 397 301 φυγῇ
417 243 620 293 Ῥωμαῖοι
647 238 722 281 καὶ
745 238 937 296 Πέρσαι,
966 243 1025 290 εἷς
1051 239 1287 292 Βυζάντιον
1313 238 1414 296 πρὸς
1440 239 1511 282 τὸν
1537 239 1721 296 πρεσβύ-

275 324 394 363 τερον
421 307 599 360 βασιλέα
626 303 844 359 ἐλθόντες,
882 301 1134 361 ἀπήγγελλον
1162 303 1238 359 τὴν
1265 299 1407 359 ἧτταν.
1462 302 1553 358 ἅμα
1581 305 1630 354 δὲ
1650 304 1724 348 καὶ

275 374 379 422 ναῦς
407 369 446 412 οἷ
463 372 634 426 Πέρσαι
655 369 762 427 πρὸς
785 369 861 426 τὴν
888 369 1084 425 διάβασιν
1112 366 1296 427 ᾐτοῦντο.
1322 369 1522 424 βασιλεὺς
1549 370 1597 412 δὲ
1624 371 1721 413 ἕπε-

275 438 411 493 χείρει
437 437 601 477 πείθειν
628 434 785 486 αὐτοὺς
810 438 951 489 μένειν
979 437 1026 478 ἐν
1053 437 1301 492 Βυζαντιζο·
1341 435 1400 484 ὥς
1429 437 1476 478 δὲ
1504 434 1584 478 οὔκ
1609 435 1724 484 ἐπεί-

277 506 425 554 θοντο,
455 500 587 542 αὐτοί
605 517 649 543 τε
679 499 909 557 φάσκοντες
936 498 1319 556 κατατριβήσεσθαι
1345 499 1506 556 μάτην,
1535 501 1615 543 ’καί
1639 503 1746 556 pez-5

279 572 393 609 σιλεῖ
413 567 544 622 μηδὲν
572 565 858 622 λυσιτελήσειν
887 562 974 619 ἅμα
1005 572 1091 616 τοῖς
1110 561 1252 614 ἄλλοις
1272 565 1614 622 πολιορκούμενα
1630 568 1725 608 Βυ-

173 639 208 675 Ρ.
223 638 268 677 95
281 631 481 683 ζαντίοις·
518 633 625 687 μηδὲ
668 630 746 688 γὰρ
787 628 840 674 ἂν
867 630 945 683 ἔξω
973 632 1124 685 τειχῶν
1161 629 1221 685 μὴ
1259 627 1323 672 ὅτι
1361 646 1408 685 γε
1438 627 1593 681 αὖτοὺς
1630 630 1722 673 ἀλλ’

276 697 368 738 οὔδ’
412 693 541 739 αὐτὸν
582 693 635 739 ἂν
660 696 736 739 τὸν
775 693 1093 754 ἆρχισατράπην
1134 693 1275 738 αὖταῖν
1302 693 1390 750 ἅμα
1422 697 1473 753 τῇ
1499 696 1574 739 ὑπ’
1601 692 1725 738 αὖτόν

274 761 386 820 πάσῃ
417 760 593 815 δυνάμει
620 760 724 819 πρὸς
751 760 823 806 τόν
849 765 940 805 νέον
980 760 1280 812 ἀντιτάξασθαι
1315 759 1568 817 δυνήσεσθαι
1601 765 1725 816 βασι-

275 831 362 870 λέα.
391 829 464 869 καί
481 829 565 869 τῶν
585 827 917 885 παρατυχόντων
939 828 997 877 ὥς
1021 828 1160 883 ἀληθῆ
1189 829 1380 881 λέγουσιν
1401 824 1490 880 ἅμα
1510 825 1779 870 συνειπόν-ιο

275 909 359 935 των
382 893 626 947 Ῥωμαίων,
655 896 761 944 ναῦς
787 893 1006 948 λαβόντες,
1047 888 1370 949 ἐπεραιώθησαν
1396 890 1497 948 πρὸς
1524 889 1602 948 τὴν
1628 893 1696 934 ἕω.

244 962 272 994 Β
392 958 467 1013 λβ’.
517 958 587 1018 Ὡς
617 961 656 1001 δ’
682 956 710 1014 ἥ
737 975 783 1001 τε
811 961 857 1002 ἐκ
882 961 955 1014 τῆς
983 960 1199 1015 Περσικῆς
1225 957 1473 1013 συμμαχίας
1509 958 1586 1000 τοῦ
1625 973 1727 1014 πρε-

275 1027 482 1081 σβυτέρου
510 1027 716 1079 βασιλέως
743 1028 971 1082 περιῃρέθη
999 1023 1140 1077 έλπίς,
1170 1024 1223 1066 τά
1249 1039 1296 1066 τε
1334 1019 1439 1066 κατὰ
1467 1021 1545 1075 τοὶς
1572 1022 1725 1080 νήσους

274 1089 466 1147 πονήρως
490 1088 589 1144 εἶχε,
616 1091 687 1146 τ’ἧς
712 1092 791 1144 μὲν
812 1090 990 1147 Λήμνου
1010 1086 1091 1146 ἤδη
1119 1089 1192 1132 καὶ
1213 1091 1405 1147 φανερῶς
1428 1085 1723 1147 ἀφεστηκυίας,

275 1157 359 1201 τῶν
395 1151 533 1197 ἄλλων
561 1157 608 1197 δὲ
636 1157 920 1208 κλονουμένων
949 1158 1023 1197 καί
1057 1152 1152 1198 ὅσον
1191 1150 1308 1197 οὔπω
1345 1154 1421 1211 τὴν
1459 1151 1775 1197 ἆποστασιάνιό

276 1221 348 1261 καί
375 1220 518 1262 αὐτῶν
546 1217 827 1274 οἷπειλουσῶν,
866 1221 940 1262 καί
966 1219 1010 1262 αἱ
1038 1218 1143 1262 κατὰ
1170 1219 1246 1275 τὴν
1273 1215 1444 1276 ἤπειρον
1471 1218 1571 1277 πρὶν
1607 1217 1724 1274 v‘nq'-

277 1299 367 1326 κοοι
394 1286 452 1341 τῷ
478 1286 746 1343 πρεσβυτέρῳ
773 1289 951 1339 βασιλεῖ’,
979 1285 1145 1334 πλείους
1171 1287 1256 1327 τῶν
1283 1285 1443 1327 πόλεων
1466 1280 1547 1340 ἤδη
1594 1299 1725 1327 συνα-

276 1351 488 1405 πέστησαν
516 1348 621 1406 πρὸς
647 1349 721 1392 τὸν
748 1351 857 1392 νέον·
885 1347 1037 1409 ἀπορίᾳ
1073 1350 1279 1392 πάντοθεν
1306 1352 1596 1405 περισχεθεὶς,
1623 1364 1725 1405 πρε-

278 1417 424 1469 σβειάν
454 1416 542 1457 δεῖν
583 1413 687 1470 ἔγνω
713 1414 815 1472 πρὸς
854 1418 1033 1470 βασιλέα
1071 1410 1198 1465 αὖθις
1234 1413 1304 1458 τὸν
1341 1413 1506 1470 ἔγγονον
1531 1417 1726 1469 πέμπειν.

238 1482 427 1534 Οπέμπει
467 1482 513 1523 δὲ
549 1479 623 1523 τὸν
648 1479 750 1523 κατὰ
776 1480 848 1523 τὸν
874 1476 998 1523 ’Ἀθω
1026 1482 1102 1523 τοῦ
1130 1480 1245 1537 ἱεροῦ
1284 1474 1409 1536 ὅρους
1445 1482 1609 1537 πρῶτον
1648 1479 1780 1523 ‘tomo

269 1544 439 1598 Ἰσαὰκ,
479 1545 552 1586 καί
579 1539 715 1594 ἄλλως
742 1547 820 1599 μὲν
848 1541 946 1588 ’όν-ια
969 1544 1151 1599 συνετὸν,
1177 1546 1226 1586 οὗ
1227 1562 1259 1599 χ
1285 1542 1436 1601 ἥκιστα
1463 1547 1511 1587 δὲ
1538 1546 1726 1588 οἷντιποι-

280 1608 455 1663 ούμενον
494 1610 569 1652 καί
594 1607 765 1666 ἀρετῆς·
806 1613 986 1653 τοιαῦτα
1014 1610 1119 1668 πρὸς
1145 1612 1320 1665 βασιλέα
1349 1609 1423 1653 τὸν
1443 1609 1607 1666 ἔγγονον
1625 1627 1726 1667 πρε-

281 1672 534 1729 σβευόμενος
563 1676 618 1716 δι’
647 1675 796 1717 αὐτοῦ·
827 1677 900 1732 „st
915 1678 996 1729 μὲν
1020 1671 1048 1731 ἢ
1076 1679 1167 1718 κατ’
1195 1671 1335 1731 οἷρχὰς
1350 1675 1536 1731 οἶκίνητοι
1555 1674 1658 1731 πρὸς
1675 1674 1724 1718 τὸ

179 1737 406 1786 Ἷ·77κακὸν
435 1737 475 1782 οἱ
502 1735 724 1796 ἄνθρωποι
752 1741 1103 1796 ἑδημιουργοῢντο
1130 1738 1246 1797 παρὰ
1274 1742 1403 1794 θεοῦ,
1448 1735 1478 1796 ἢ
1502 1737 1640 1799 ὥσπερ
1672 1737 1727 1797 ἦν

275 1846 421 1881 terant,
449 1839 721 1885 impedimentis
748 1846 859 1887 atque
887 1842 997 1874 etiam
1021 1842 1130 1874 servis
1153 1841 1312 1876 militum
1332 1852 1461 1887 magno
1485 1851 1635 1877 numero
1657 1853 1728 1887 po-

277 1888 339 1920 titi
379 1892 472 1920 sunt.
533 1887 738 1931 Progressus
777 1887 998 1932 imperator,
1041 1898 1155 1931 prope
1194 1887 1398 1931 Selybriam
1441 1888 1600 1921 tentoria
1635 1887 1725 1922 fixit.

277 1934 403 1967 Persae
432 1938 468 1965 et
493 1934 644 1968 Romani
671 1933 778 1977 fugae
803 1933 983 1966 beneficio
1012 1935 1160 1975 servati,
1185 1934 1396 1978 Byzantium
1422 1945 1505 1967 cum
1527 1935 1725 1976 venissent,

279 1980 357 2012 seni
391 1980 601 2023 imperatori
639 1990 718 2012 sese
750 1980 863 2012 victos
894 1979 1110 2022 narrabant3
1158 1990 1200 2012 ac
1235 1980 1362 2013 Persae
1387 1983 1504 2013 'naves
1544 1980 1652 2014 simul
1675 1980 1722 2014 ad

277 2025 534 2059 traiicieudum
559 2025 755 2069 petebant:
781 2037 870 2071 quos
898 2026 962 2058 ille
987 2031 1029 2059 ut
1053 2026 1218 2069 Byzantii
1243 2031 1452 2068 manerent,
1477 2025 1623 2060 flectere
1647 2038 1723 2061 non

277 2076 422 2116 poterat
437 2097 445 2111 ,
470 2071 760 2115 opponentibuS,
796 2083 832 2105 se
857 2072 987 2105 frustra
1015 2072 1211 2105 contritum
1234 2072 1281 2106 iri
1308 2078 1346 2105 et
1370 2084 1450 2106 cum
1474 2072 1556 2110 aliis
1581 2073 1722 2117 Byzan-

279 2119 342 2153 tiis
368 2117 531 2150 obsessos
547 2142 557 2158 ‚
581 2114 677 2151 nihil
701 2118 736 2150 ei
767 2118 996 2162 profuturos:
1028 2129 1111 2151 nam
1136 2123 1236 2151 extra
1261 2119 1407 2156 moenia
1430 2130 1505 2152 non
1529 2129 1607 2152 sese
1635 2124 1723 2153 tan-

281 2169 379 2204 tum,
403 2173 525 2196 verum
548 2174 616 2196 nec
640 2165 759 2208 ipsum
784 2175 908 2197 eorum
930 2162 1207 2209 archisatrapam
1239 2174 1320 2197 cum
1351 2170 1429 2199 toto
1462 2165 1623 2200 exercitu
1655 2174 1721 2200 suo

281 2210 322 2242 in
347 2210 424 2245 acie
453 2208 620 2242 adversus
648 2209 827 2243 iuniorem
851 2211 1105 2254 imperatorem
1133 2211 1330 2246 consistere
1365 2222 1484 2256 posse.
1530 2212 1722 2254 Romanis,

282 2256 346 2301 qui
381 2255 542 2295 aderant,
575 2266 658 2288 vera
691 2266 751 2288 eos
789 2255 910 2290 dicere
942 2257 1217 2301 attestantibus;
1255 2258 1457 2291 conscensis
1477 2257 1647 2300 navibus,
1679 2260 1720 2293 in

283 2303 461 2335 orientem
482 2302 768 2337 transmiserunt.
1579 2340 1582 2341 ⁷

376 2349 430 2381 32.
478 2348 669 2394 Postquam
694 2347 826 2379 Persici
844 2347 972 2380 auxilii
991 2359 1071 2392 spes
1092 2347 1303 2388 decollavit,
1330 2353 1368 2382 et
1386 2349 1586 2383 insularum
1603 2349 1720 2384 auditi

282 2397 420 2434 motus,
447 2393 582 2427 Lemno
608 2395 678 2427 iam
705 2399 828 2438 aperte
856 2394 967 2426 alium
994 2394 1179 2427 dominum
1205 2394 1368 2434 colente,
1403 2395 1554 2441 reliquis
1581 2395 1620 2428 in
1647 2396 1719 2430 fide

281 2439 550 2473 labascentibus
573 2445 609 2473 et
636 2439 850 2484 propediem
879 2439 1121 2473 defectionem
1147 2440 1422 2483 minitantibus3
1451 2440 1602 2474 urbibus
1631 2442 1720 2478 item

283 2486 502 2520 continentis
519 2486 684 2530 pluribus
710 2486 817 2518 simul
843 2485 888 2518 ad
905 2487 1059 2519 iunioris
1087 2487 1276 2530 imperium
1297 2487 1510 2531 aggregatis:
1548 2489 1647 2521 omni
1673 2500 1719 2522 ex

281 2537 384 2575 parte
419 2533 545 2564 anxius
569 2534 679 2566 animi
713 2533 852 2573 senior,
889 2544 1010 2565 rursus
1042 2533 1260 2577 legationem
1284 2532 1498 2566 mittendam
1529 2533 1717 2569 iudicavit.

282 2576 376 2610 Huic
393 2579 532 2611 muneri
552 2579 726 2615 Isaacium
747 2578 838 2611 sacri
863 2579 996 2611 montis
1023 2577 1118 2614 Atho
1140 2579 1408 2623 praepositum,
1440 2579 1556 2612 virum
1578 2580 1718 2627 alioqui

282 2623 547 2668 intelligentem
582 2630 620 2658 et
656 2625 798 2658 virtutis
838 2625 953 2657 multo
1002 2625 1305 2658 studiosissimum
1335 2623 1486 2670 deligit,
1521 2625 1650 2672 illique
1677 2627 1717 2660 iu

280 2669 460 2714 legatione
482 2670 634 2704 dicenda
657 2670 746 2703 haec
760 2670 942 2703 iniunxit:
969 2670 1006 2704 Si
1028 2669 1192 2704 homines
1220 2675 1284 2703 aut
1310 2670 1356 2703 ab
1385 2671 1493 2704 initio
1514 2671 1560 2704 ad
1582 2673 1716 2708 malum

282 2715 501 2754 inflexibiles
524 2729 543 2753 a
560 2717 637 2751 Deo
651 2717 816 2754 fabricati
837 2721 969 2759 essent,
995 2722 1068 2759 aut,
1091 2728 1168 2751 cum
1185 2717 1372 2753 voluntate
1398 2717 1514 2754 libera
1538 2717 1719 2762 fabricati,
