1820 3164
260 95 373 167 554
792 112 1163 159 CANTAcuzm

61 223 240 271 aonam
257 216 380 262 αῧτοί
403 217 622 273 ζητήσουσι
650 216 909 271 περαιτέρω,
953 213 1047 257 ἀλλ’
1073 211 1194 267 ἀξίαν
1213 212 1393 274 ἀμοιβήν
1418 219 1502 261 ταῖν
1529 221 1690 265 πολλῶν
1735 242 1741 245 1

259 284 397 327 πόνων
424 285 497 326 καί
521 281 722 325 κινδύνων
748 282 964 334 νομιοῦσιν
1002 278 1113 334 ἔχειν
1143 280 1220 337 τὴν
1247 282 1473 339 διόρθωσιν
1498 282 1575 340 τὴν,
1600 285 1691 342 σήν.

259 346 471 405 Βαρλαὰμ
498 349 544 390 δὲ
570 346 644 389 καὶ
668 347 781 404 αὐτῷ
805 347 884 399 μὲν
911 344 1092 401 ἔφασκεν
1120 346 1293 402 ἀρίστην
1335 351 1564 404 φαίνεσθαι
1585 349 1690 393 ταῦ-

255 429 332 470 την
357 411 430 469 τὴν
455 411 633 467 βουλήν,
663 412 890 454 δεδοικέναι
919 413 966 454 δὲ
990 409 1049 466 μὴ
1084 407 1160 453 οὔκ
1187 414 1481 469 ἐξαρκέσουσιν
1508 413 1547 457 οἱ
1572 415 1690 470 λόγοι

254 477 361 534 πρὸς
388 476 435 520 τὸ
464 479 545 520 τῶν
573 476 773 520 κινδύνων
800 475 1058 533 ἐξαρπάσαι,
1101 476 1206 520 ἀλλὰ
1235 479 1307 520 καί
1337 477 1444 531 μετὰ
1483 479 1561 536 τὴν
1586 479 1714 534 ὁμο-5

253 542 396 597 λογίαν
416 545 564 597 ἄτιμιά
597 561 658 594 τις
687 543 820 586 adro&
846 544 1166 600 καταψηφισθῇ,
1197 539 1265 586 οἶα
1295 541 1346 599 δὴ
1379 544 1481 587 κατὰ
1508 546 1593 588 τῶν
1617 545 1690 602 ὄρ-

251 608 345 650 θῶν
373 606 590 661 δογμάτων
616 608 941 663 ἐξενηνεγμένου.
1001 610 1074 650 καί
1097 607 1192 650 τότε
1221 603 1370 662 ἄτιμον
1392 605 1498 652 εἶναι
1525 609 1690 667 συμβή-

252 688 370 717 σεται
399 669 512 730 αὐτῷ
538 671 610 715 καί
631 675 732 728 μηδ’
760 673 983 728 ἀπολογίαν
1007 671 1100 716 τινα
1128 670 1305 731 ὕστερον
1329 673 1440 728 ἔχειν
1465 674 1524 725 ὥς
1550 675 1604 718 οὔ
1623 677 1690 718 διε-

254 741 384 788 καίως
424 740 598 782 τοιαῦτα
629 738 784 793 πάθοι,
823 735 892 782 οἷα
921 737 972 795 δὴ
1000 740 1072 780 καί
1104 736 1230 782 αὖτόν
1257 741 1620 797 κατεψηφισμένον
1644 736 1689 783 ἓ..

252 805 384 847 αυτοῦ
397 821 410 834 ·
465 804 523 854 ὥς
570 805 654 859 εἴγε
701 806 878 846 τοιαῦτα
916 803 1136 848 πείσεσθαι
1174 806 1341 860 μέλλοι,
1368 807 1529 860 βέλτιον
1554 807 1742 864 σιωπῇιο

127 883 243 926 Ρ,336
258 867 333 926 τὴν
361 869 477 925 δίκην
513 871 710 923 ἐνεγκεῖν,
752 866 857 912 ὥστε
893 871 966 912 καί
990 871 1182 920 εἰσαῦθις
1208 867 1434 927 ἠδικῆσθαι
1460 873 1594 926 λέγειν
1607 872 1690 914 ’δύ-

254 938 415 978 νασθαι
441 936 513 976 καὶ
537 933 753 990 τὴνδίκην
784 935 1097 977 ἀνακαλεῖσθαι.
1168 933 1191 977 ὅ
1217 939 1349 990 μέγας
1382 937 1428 978 δὲ
1453 937 1690 990 δομέστικος

252 998 551 1057 παρεθάρρυνέ
585 1015 632 1042 τε
659 1002 732 1042 καί
755 998 814 1056 μὴ
850 1002 1025 1043 τοιαῦτα
1053 1001 1226 1058 παρῄνει
1249 1003 1502 1056 δεδοικέναι,
1529 999 1587 1052 ὥς
1613 1002 1691 1046 αὖ·

251 1067 333 1108 τοῦ
357 1064 580 1122 παρόντος,
610 1066 781 1116 οὕδενὸς
808 1068 1084 1121 γενησομένου
1116 1067 1192 1108 τοῦ
1219 1069 1365 1108 λυπεῖν
1406 1066 1534 1110 adrine
1561 1069 1689 1124 δυνη-

252 1133 455 1185 σομένου.
490 1124 524 1189 ᾧ
551 1133 624 1174 καί
657 1131 904 1186 πειθόμενος
937 1132 958 1174 ὃ
986 1130 1222 1188 Βαρλαὰμ,
1261 1131 1487 1188 παρελθών
1526 1133 1588 1183 εἰς
1609 1133 1742 1187 ,uk-15

252 1212 379 1251 σονς,
405 1196 481 1252 τήν
509 1213 554 1239 τε
578 1200 781 1254 προτέραν
809 1192 981 1252 ἄγνοιαν
1022 1195 1222 1252 ὡμολόγει
1249 1200 1322 1240 καί
1346 1198 1593 1255 συγγνώμην
1618 1200 1692 1242 ἐπὶ

249 1267 336 1312 τοῖς
361 1263 594 1318 εἰρημένοις
618 1263 778 1320 ᾐτεῖτο,
807 1262 865 1312 ὥς
904 1262 954 1304 οὕ
984 1264 1235 1320 φιλονεικίας
1263 1264 1380 1306 ἕνεκα
1421 1265 1551 1319 λέγων
1586 1260 1690 1306 οὖδό

248 1329 328 1369 τοῦ
364 1326 423 1382 μὴ
455 1326 681 1370 πείθεσθαι
714 1334 803 1377 τοῖς
843 1326 926 1370 ὖπό
965 1331 1047 1371 τῶν
1090 1331 1295 1384 θεολόγων
1327 1329 1555 1385 εἰρημένοις
1592 1329 1692 1385 περὶ

252 1393 356 1434 θεοῦ
383 1395 444 1443 εἰς
470 1393 569 1443 τούς
597 1393 810 1443 τοιούτους
842 1394 924 1435 τῶν
946 1392 1076 1448 λόγων
1104 1396 1390 1450 ἐξενηνέχθαι,
1419 1391 1512 1436 ἀλλ’
1536 1391 1609 1436 ὕπ’
1636 1389 1688 1436 ἆ-

251 1460 396 1512 γνοίας
413 1456 598 1512 οἰόμενος
617 1456 714 1509 τούς
728 1452 880 1507 ἄλλους
899 1457 1154 1514 ἁμαρτάνειν
1170 1491 1182 1512 ,
1206 1461 1326 1501 ἕνεκα
1351 1459 1426 1501 τοῦ
1453 1457 1742 1515 διορθώσει-20

252 1525 359 1565 σθαι
373 1524 512 1566 πᾶσαν
531 1525 698 1579 εἰσῆγον
719 1522 904 1579 σπουδήν
919 1523 990 1566 καὶ
1006 1523 1262 1580 προθυμίαν.
1288 1526 1382 1566 νυνί
1397 1524 1444 1565 δὲ
1456 1517 1537 1580 ἤδη
1546 1539 1689 1565 πεπει-

216 1602 243 1635 Β
255 1587 404 1642 σμένος
416 1584 608 1644 ἀκριβῶς,
621 1588 678 1639 ὥς
692 1588 813 1630 αὖτοί
823 1591 985 1644 βέλτιον
995 1587 1200 1645 ἐφρόνουν
1213 1588 1310 1645 περὶ
1321 1583 1380 1630 ὧν
1398 1589 1689 1645 ἢμφισβητοῦἱ-

253 1669 355 1708 μεν,
383 1655 484 1711 περί
504 1670 547 1697 τε
578 1654 660 1696 ταῖν
679 1648 814 1697 ἄλλων
838 1650 1007 1703 οὖδενὸς
1023 1655 1281 1711 διαφέρομαι
1306 1651 1411 1711 πρὸς
1429 1650 1597 1707 αὖτούς,
1617 1653 1691 1697 καὶ

256 1753 369 1788 animi
393 1754 433 1787 in
457 1765 538 1787 eum
558 1754 718 1795 futuros,
744 1765 852 1800 quam
870 1755 972 1800 prius
998 1753 1235 1788 amaritudine
1260 1758 1297 1788 et
1322 1754 1505 1788 simultate
1529 1754 1685 1792 fuerint:

257 1801 392 1845 quippe
420 1801 484 1846 qui
509 1812 582 1835 non
606 1802 780 1835 conviciis
806 1803 846 1834 in
870 1812 908 1834 se
934 1802 1076 1843 effusis,
1098 1811 1220 1834 verum
1243 1801 1471 1847 perversitati
1498 1799 1686 1837 doctrinae

257 1848 523 1881 ecclesiasticae
558 1849 744 1882 resistant:
781 1848 914 1894 quihus
946 1848 1040 1881 bene
1075 1853 1184 1896 atque
1213 1853 1255 1882 ut
1281 1847 1386 1882 decet
1409 1847 1684 1891 demonstratis,

259 1894 293 1927 si
317 1893 353 1927 ei
377 1893 471 1927 facta
493 1894 541 1927 sit
568 1894 676 1935 fides,
711 1894 807 1927 nihil
834 1894 988 1939 amplius
1013 1894 1301 1935 desideraturos,
1334 1893 1398 1927 sed
1427 1895 1687 1931 correctionem

259 1940 374 1984 ipsius
399 1941 592 1974 multorum
617 1941 779 1976 laborum
796 1941 1111 1987 periculorumque
1131 1952 1275 1974 suorum
1296 1951 1426 1987 operae
1441 1941 1600 1985 pretium
1617 1940 1686 1980 ⁴in-

259 1991 528 2031 terpretaturos.
588 1988 790 2021 Barlaamus
829 1988 1027 2028 affirmare,
1069 1987 1140 2020 sibi
1176 1992 1319 2033 quoque
1352 1988 1527 2032 optimum
1567 1986 1685 2024 videri

258 2032 359 2069 istud
384 2034 594 2067 consilium:
620 2035 746 2068 timere
770 2039 902 2075 tamen,
930 2045 976 2067 ne
999 2034 1109 2067 verba
1133 2033 1179 2066 ad
1207 2045 1244 2067 se
1268 2034 1431 2078 periculo
1456 2033 1683 2069 liberandum

259 2079 344 2112 satis
369 2090 443 2112 non
466 2081 562 2121 sint,
588 2081 650 2114 sed
673 2087 757 2127 post
780 2082 1041 2114 confessionem
1065 2091 1209 2127 quoque
1233 2081 1354 2126 aliqua
1379 2081 1553 2114 multetur
1576 2080 1682 2125 igno-

258 2126 391 2166 minia,
418 2138 497 2159 cum
519 2127 678 2171 probatis
703 2132 739 2161 et
767 2129 918 2174 receptis
944 2126 1117 2173 dogmatis
1140 2138 1177 2160 se
1200 2127 1419 2172 opposuerit.
1468 2127 1562 2160 Tum
1585 2127 1682 2161 infa-

258 2182 354 2206 mem
385 2172 462 2206 fore
497 2184 565 2206 nec
588 2174 706 2206 locum
745 2174 966 2208 defensionis
991 2175 1154 2207 relictum
1178 2174 1242 2215 iri,
1267 2174 1372 2219 quasi
1396 2172 1436 2206 id
1459 2173 1594 2207 iniuste
1616 2185 1683 2219 pa-

257 2218 394 2259 tiatur,
420 2218 714 2265 quandoquidem
737 2232 774 2254 se
797 2222 913 2264 ipsum
938 2220 1177 2254 damnaverit:
1203 2225 1245 2254 ut
1270 2219 1424 2265 proinde
1446 2219 1581 2253 situlis
1598 2231 1683 2264 pas-

258 2275 361 2298 surus
391 2266 458 2306 sit,
484 2267 612 2299 melius
630 2267 796 2300 videatur
817 2268 962 2305 silentio
982 2267 1074 2300 ferre
1095 2266 1289 2308 iudicium,
1312 2271 1355 2300 ut
1377 2272 1416 2300 et
1437 2266 1476 2299 in
1499 2270 1682 2310 posterum

258 2310 331 2344 sibi
357 2312 487 2345 factam
515 2313 685 2346 iniuriam
711 2312 829 2348 dicere
856 2319 967 2360 queat
994 2318 1031 2347 et
1065 2313 1239 2347 iudicium
1269 2313 1426 2348 revocari
1459 2313 1585 2356 possit.
1634 2311 1682 2346 At

257 2369 407 2403 magnus
435 2358 649 2394 domesticus
670 2360 772 2392 illum
797 2361 1003 2394 confirmare
1027 2371 1264 2405 monereque,
1287 2371 1333 2392 ne
1357 2358 1445 2405 quid
1470 2357 1678 2393 huiusmodi

256 2411 414 2440 metuat:
449 2416 485 2439 se
519 2412 726 2450 praesente,
758 2406 853 2440 nihil
878 2408 912 2440 ei
938 2407 1040 2440 triste
1065 2412 1288 2447 eventurum,
1335 2405 1402 2439 Cui
1426 2404 1677 2449 obtemperans

258 2452 480 2492 Barlaamus,
514 2452 553 2484 in
577 2452 735 2486 medium
759 2453 900 2497 prodit,
932 2453 1163 2498 praeteritam
1199 2452 1435 2498 ignorantiam
1465 2451 1677 2486 confitetur:

257 2499 401 2532 veniam
434 2498 481 2531 ob
521 2499 630 2532 stulte
664 2499 759 2533 dicta
791 2501 902 2544 petit:
940 2511 977 2533 se
1013 2511 1085 2534 non
1121 2498 1363 2533 contentionis
1397 2508 1521 2538 causa,
1557 2507 1678 2543 neque

258 2544 358 2591 quod
384 2543 647 2590 Theologorum
673 2545 716 2579 de
741 2546 816 2580 Deo
843 2545 996 2580 decretis
1018 2557 1091 2580 non
1115 2546 1292 2586 crederet,
1327 2543 1371 2578 ad
1396 2543 1462 2577 hos
1497 2554 1677 2577 sermones

256 2596 484 2637 provectum,
509 2591 573 2625 sed
597 2603 677 2624 cum
701 2592 778 2636 ipse
804 2603 921 2626 errans
945 2591 1033 2625 alios
1066 2603 1180 2626 errare
1214 2592 1440 2635 opinaretur,
1474 2589 1521 2623 ad
1554 2601 1678 2623 eorum

258 2649 414 2672 errorem
440 2637 704 2672 emendandum
732 2650 871 2671 omnem
892 2639 1114 2682 diligentiam
1132 2639 1282 2683 impigre
1307 2636 1525 2671 adhibuisse.
1573 2635 1678 2669 Nunc

256 2684 363 2733 plane
391 2684 556 2731 credere,
585 2685 667 2724 inos
694 2685 738 2723 de
762 2687 1002 2723 controversia
1023 2685 1151 2723 melius
1179 2695 1303 2733 sapere
1322 2709 1332 2727 ,
1358 2688 1394 2719 et
1415 2684 1454 2721 in
1477 2682 1558 2720 aliis
1582 2681 1677 2720 nihil
