<?xml version="1.0" encoding="UTF-8"?>
<!DOCTYPE html PUBLIC "-//W3C//DTD XHTML 1.0 Transitional//EN"
    "http://www.w3.org/TR/xhtml1/DTD/xhtml1-transitional.dtd">
<html xmlns="http://www.w3.org/1999/xhtml" xml:lang="en" lang="en">
 <head>
  <title>
</title>
<meta http-equiv="Content-Type" content="text/html;charset=utf-8" />
  <meta name='ocr-system' content='tesseract 3.04.00' />
  <meta name='ocr-capabilities' content='ocr_page ocr_carea ocr_par ocr_line ocrx_word'/>
</head>
<body>
  <div class='ocr_page' id='page_1' title='image "./corpusscriptorum23niebuoft_0588.png"; bbox 0 0 1820 3164; ppageno 0'>
   <div class='ocr_carea' id='block_1_1' title="bbox 272 101 1177 170">
    <p class='ocr_par' dir='ltr' id='par_1_1' title="bbox 272 101 1177 170">
     <span class='ocr_line' id='line_1_1' title="bbox 272 101 1177 170; baseline 0.003 -13"><span class='ocrx_word' id='word_1_1' title='bbox 272 101 382 170; x_wconf 81' lang='grc'>546</span> <span class='ocrx_word' id='word_1_2' title='bbox 809 115 1177 161; x_wconf 73' lang='lat' dir='ltr'>CANTAcUzm</span> 
     </span>
    </p>
   </div>
   <div class='ocr_carea' id='block_1_2' title="bbox 69 213 1816 1708">
    <p class='ocr_par' dir='ltr' id='par_1_2' title="bbox 69 213 1816 410">
     <span class='ocr_line' id='line_1_2' title="bbox 69 213 1816 279; baseline 0.002 -15"><span class='ocrx_word' id='word_1_3' title='bbox 69 227 251 274; x_wconf 69' lang='lat' dir='ltr'>A.c.134·</span> <span class='ocrx_word' id='word_1_4' title='bbox 270 237 331 264; x_wconf 86' lang='grc' dir='ltr'>ειν</span> <span class='ocrx_word' id='word_1_5' title='bbox 357 222 410 279; x_wconf 82' lang='grc' dir='ltr'>τῇ</span> <span class='ocrx_word' id='word_1_6' title='bbox 440 216 601 278; x_wconf 69' lang='grc' dir='ltr'><em>ἡλικίᾳ,</em></span> <span class='ocrx_word' id='word_1_7' title='bbox 635 219 727 261; x_wconf 75' lang='grc' dir='ltr'><em>ἀλλ’</em></span> <span class='ocrx_word' id='word_1_8' title='bbox 752 213 876 277; x_wconf 75' lang='grc' dir='ltr'><em>ἑτέρῳ</em></span> <span class='ocrx_word' id='word_1_9' title='bbox 903 219 1099 275; x_wconf 80' lang='grc' dir='ltr'><em>φέροντες</em></span> <span class='ocrx_word' id='word_1_10' title='bbox 1126 216 1334 270; x_wconf 68' lang='grc' dir='ltr'><em>ὑπέταξαν</em></span> <span class='ocrx_word' id='word_1_11' title='bbox 1362 219 1493 278; x_wconf 68' lang='grc' dir='ltr'><em>πατρί’</em></span> <span class='ocrx_word' id='word_1_12' title='bbox 1513 227 1700 279; x_wconf 61' lang='grc' dir='ltr'><em>πνευμαὶ</em></span> <span class='ocrx_word' id='word_1_13' title='bbox 1748 266 1756 270; x_wconf 63' lang='lat'><em>‚</em></span> <span class='ocrx_word' id='word_1_14' title='bbox 1811 270 1816 276; x_wconf 65' lang='grc'><em>,</em></span> 
     </span>
     <span class='ocr_line' id='line_1_3' title="bbox 260 280 1703 343; baseline 0.001 -15"><span class='ocrx_word' id='word_1_15' title='bbox 260 287 380 343; x_wconf 78' lang='grc' dir='ltr'><em>τικῷ.</em></span> <span class='ocrx_word' id='word_1_16' title='bbox 437 286 514 341; x_wconf 76' lang='grc' dir='ltr'>ὑφ’</span> <span class='ocrx_word' id='word_1_17' title='bbox 540 280 575 342; x_wconf 77' lang='grc' dir='ltr'><em>ᾧ</em></span> <span class='ocrx_word' id='word_1_18' title='bbox 603 283 708 341; x_wconf 74' lang='grc' dir='ltr'><em>ὑπὲρ</em></span> <span class='ocrx_word' id='word_1_19' title='bbox 741 281 847 325; x_wconf 81' lang='grc' dir='ltr'>ὄκτώ</span> <span class='ocrx_word' id='word_1_20' title='bbox 877 285 1111 332; x_wconf 78' lang='grc' dir='ltr'><strong><em>τελέσαντες</em></strong></span> <span class='ocrx_word' id='word_1_21' title='bbox 1140 281 1232 339; x_wconf 81' lang='grc' dir='ltr'><em>ἔτη,</em></span> <span class='ocrx_word' id='word_1_22' title='bbox 1283 285 1377 328; x_wconf 78' lang='grc' dir='ltr'><em>ε’πεί</em></span> <span class='ocrx_word' id='word_1_23' title='bbox 1398 287 1584 338; x_wconf 81' lang='grc' dir='ltr'><em>κάκεῖνος</em></span> <span class='ocrx_word' id='word_1_24' title='bbox 1610 280 1703 334; x_wconf 61' lang='grc' dir='ltr'>τᾶν</span> 
     </span>
     <span class='ocr_line' id='line_1_4' title="bbox 261 347 1699 410; baseline 0.003 -18"><span class='ocrx_word' id='word_1_25' title='bbox 261 353 360 407; x_wconf 83' lang='grc' dir='ltr'><em>τῇδε</em></span> <span class='ocrx_word' id='word_1_26' title='bbox 388 348 677 405; x_wconf 80' lang='grc' dir='ltr'><em>ἀπηλλάττετο,</em></span> <span class='ocrx_word' id='word_1_27' title='bbox 712 347 813 404; x_wconf 86' lang='grc' dir='ltr'><em>πρὸς</em></span> <span class='ocrx_word' id='word_1_28' title='bbox 843 350 894 405; x_wconf 78' lang='grc' dir='ltr'>τῇ</span> <span class='ocrx_word' id='word_1_29' title='bbox 924 347 1029 390; x_wconf 83' lang='grc' dir='ltr'><em>κατὰ</em></span> <span class='ocrx_word' id='word_1_30' title='bbox 1057 347 1265 405; x_wconf 77' lang='grc' dir='ltr'><em>Βέρῥοιαν</em></span> <span class='ocrx_word' id='word_1_31' title='bbox 1293 349 1424 410; x_wconf 78' lang='grc' dir='ltr'><em>Σκήτῃ</em></span> <span class='ocrx_word' id='word_1_32' title='bbox 1452 353 1699 410; x_wconf 79' lang='grc' dir='ltr'><em>φροντιστή-</em></span> 
     </span>
    </p>

    <p class='ocr_par' dir='ltr' id='par_1_3' title="bbox 144 412 1720 735">
     <span class='ocr_line' id='line_1_5' title="bbox 144 412 1699 472; baseline 0.005 -17"><span class='ocrx_word' id='word_1_33' title='bbox 144 419 181 455; x_wconf 90' lang='grc' dir='ltr'>Ρ.</span> <span class='ocrx_word' id='word_1_34' title='bbox 192 417 350 472; x_wconf 78' lang='grc' dir='ltr'><em>331ριον</em></span> <span class='ocrx_word' id='word_1_35' title='bbox 381 412 653 470; x_wconf 73' lang='grc' dir='ltr'><em>οἰκοδομήσας</em></span> <span class='ocrx_word' id='word_1_36' title='bbox 682 414 705 455; x_wconf 79' lang='grc' dir='ltr'>ὅ</span> <span class='ocrx_word' id='word_1_37' title='bbox 738 416 779 456; x_wconf 92' lang='grc' dir='ltr'>Γ</span> <span class='ocrx_word' id='word_1_38' title='bbox 777 412 966 470; x_wconf 79' lang='grc' dir='ltr'><em>ρηγόριος</em></span> <span class='ocrx_word' id='word_1_39' title='bbox 998 413 1070 455; x_wconf 84' lang='grc' dir='ltr'><em>καί</em></span> <span class='ocrx_word' id='word_1_40' title='bbox 1095 417 1368 465; x_wconf 84' lang='grc' dir='ltr'><strong><em>κατακλείσας</em></strong></span> <span class='ocrx_word' id='word_1_41' title='bbox 1420 414 1572 461; x_wconf 73' lang='grc' dir='ltr'><em>ἑαυτὸν</em></span> <span class='ocrx_word' id='word_1_42' title='bbox 1617 419 1699 462; x_wconf 77' lang='grc' dir='ltr'>πᾶ-</span> 
     </span>
     <span class='ocr_line' id='line_1_6' title="bbox 261 476 1720 542; baseline 0.002 -20"><span class='ocrx_word' id='word_1_43' title='bbox 261 478 339 523; x_wconf 83' lang='grc' dir='ltr'>σάν</span> <span class='ocrx_word' id='word_1_44' title='bbox 378 496 424 522; x_wconf 88' lang='grc' dir='ltr'>τε</span> <span class='ocrx_word' id='word_1_45' title='bbox 465 479 721 533; x_wconf 70' lang='grc' dir='ltr'><em>ἀποθέμενος</em></span> <span class='ocrx_word' id='word_1_46' title='bbox 754 480 958 536; x_wconf 72' lang='grc' dir='ltr'>φροντίδα</span> <span class='ocrx_word' id='word_1_47' title='bbox 995 481 1162 535; x_wconf 78' lang='grc' dir='ltr'><em>γηΐνην,</em></span> <span class='ocrx_word' id='word_1_48' title='bbox 1206 476 1339 538; x_wconf 74' lang='grc' dir='ltr'><em>ἐαυτῷ</em></span> <span class='ocrx_word' id='word_1_49' title='bbox 1381 482 1428 523; x_wconf 79' lang='grc' dir='ltr'>δὲ</span> <span class='ocrx_word' id='word_1_50' title='bbox 1468 482 1580 542; x_wconf 74' lang='grc' dir='ltr'><em>μόνῳ</em></span> <span class='ocrx_word' id='word_1_51' title='bbox 1623 483 1720 527; x_wconf 69' lang='grc' dir='ltr'><em>καὶὸ</em></span> 
     </span>
     <span class='ocr_line' id='line_1_7' title="bbox 259 543 1695 606; baseline 0.003 -19"><span class='ocrx_word' id='word_1_52' title='bbox 259 547 345 605; x_wconf 73' lang='grc' dir='ltr'>θεῷ</span> <span class='ocrx_word' id='word_1_53' title='bbox 374 546 736 601; x_wconf 77' lang='grc' dir='ltr'><em>προσαδολεσχῶν,</em></span> <span class='ocrx_word' id='word_1_54' title='bbox 776 546 874 587; x_wconf 85' lang='grc' dir='ltr'><em>δέκα</em></span> <span class='ocrx_word' id='word_1_55' title='bbox 906 545 1129 587; x_wconf 79' lang='grc' dir='ltr'><em>διετέλεσεν</em></span> <span class='ocrx_word' id='word_1_56' title='bbox 1163 543 1251 601; x_wconf 77' lang='grc' dir='ltr'><em>ἔτη,</em></span> <span class='ocrx_word' id='word_1_57' title='bbox 1287 545 1420 589; x_wconf 85' lang='grc' dir='ltr'><em>πολλοὶ</em></span> <span class='ocrx_word' id='word_1_58' title='bbox 1454 545 1532 603; x_wconf 79' lang='grc' dir='ltr'>τὴν</span> <span class='ocrx_word' id='word_1_59' title='bbox 1551 547 1695 606; x_wconf 80' lang='grc' dir='ltr'><em>σάρκα</em></span> 
     </span>
     <span class='ocr_line' id='line_1_8' title="bbox 258 608 1692 669; baseline 0.003 -16"><span class='ocrx_word' id='word_1_60' title='bbox 258 608 579 666; x_wconf 77' lang='grc' dir='ltr'><em>παιδαγωγὴσας</em></span> <span class='ocrx_word' id='word_1_61' title='bbox 608 609 681 652; x_wconf 82' lang='grc' dir='ltr'><em>καί</em></span> <span class='ocrx_word' id='word_1_62' title='bbox 704 610 910 662; x_wconf 70' lang='grc' dir='ltr'><em>ὑποτάξας</em></span> <span class='ocrx_word' id='word_1_63' title='bbox 946 611 1003 668; x_wconf 75' lang='grc' dir='ltr'>τῷ</span> <span class='ocrx_word' id='word_1_64' title='bbox 1042 609 1271 665; x_wconf 77' lang='grc' dir='ltr'><em>πνεύματι·</em></span> <span class='ocrx_word' id='word_1_65' title='bbox 1327 609 1386 661; x_wconf 75' lang='grc' dir='ltr'><em>ὥς</em></span> <span class='ocrx_word' id='word_1_66' title='bbox 1414 611 1461 654; x_wconf 74' lang='grc' dir='ltr'>ἐκ</span> <span class='ocrx_word' id='word_1_67' title='bbox 1489 613 1564 669; x_wconf 82' lang='grc' dir='ltr'><em>τῆς</em></span> <span class='ocrx_word' id='word_1_68' title='bbox 1592 628 1692 657; x_wconf 84' lang='grc' dir='ltr'><em>συν-</em></span> 
     </span>
     <span class='ocr_line' id='line_1_9' title="bbox 258 670 1694 735; baseline 0.001 -17"><span class='ocrx_word' id='word_1_69' title='bbox 258 674 491 731; x_wconf 85' lang='grc' dir='ltr'><em>τονωτάτης</em></span> <span class='ocrx_word' id='word_1_70' title='bbox 520 677 593 719; x_wconf 85' lang='grc' dir='ltr'>καί</span> <span class='ocrx_word' id='word_1_71' title='bbox 625 670 731 730; x_wconf 68' lang='grc' dir='ltr'><em>ἄγαν</em></span> <span class='ocrx_word' id='word_1_72' title='bbox 768 675 988 718; x_wconf 88' lang='grc' dir='ltr'><em>ἀνενδότου</em></span> <span class='ocrx_word' id='word_1_73' title='bbox 1018 675 1237 732; x_wconf 81' lang='grc' dir='ltr'><em>ἀσκήσεως,</em></span> <span class='ocrx_word' id='word_1_74' title='bbox 1263 679 1335 719; x_wconf 84' lang='grc' dir='ltr'><strong><em>καί</em></strong></span> <span class='ocrx_word' id='word_1_75' title='bbox 1376 678 1456 719; x_wconf 71' lang='grc' dir='ltr'>τοῦ</span> <span class='ocrx_word' id='word_1_76' title='bbox 1485 677 1694 735; x_wconf 72' lang='grc' dir='ltr'>σπηλαίου</span> 
     </span>
    </p>

    <p class='ocr_par' dir='ltr' id='par_1_4' title="bbox 218 739 1752 1708">
     <span class='ocr_line' id='line_1_10' title="bbox 257 739 1695 800; baseline 0.003 -18"><span class='ocrx_word' id='word_1_77' title='bbox 257 743 331 797; x_wconf 74' lang='grc' dir='ltr'>τῆς</span> <span class='ocrx_word' id='word_1_78' title='bbox 361 739 467 797; x_wconf 82' lang='grc' dir='ltr'><em>πρὸς</em></span> <span class='ocrx_word' id='word_1_79' title='bbox 503 743 644 796; x_wconf 79' lang='grc' dir='ltr'><em>ψῦχος</em></span> <span class='ocrx_word' id='word_1_80' title='bbox 683 739 970 797; x_wconf 74' lang='grc' dir='ltr'><em>ἀσυμμετρίας</em></span> <span class='ocrx_word' id='word_1_81' title='bbox 1003 739 1107 800; x_wconf 75' lang='grc' dir='ltr'><em>νόσῳ</em></span> <span class='ocrx_word' id='word_1_82' title='bbox 1155 743 1270 798; x_wconf 82' lang='grc' dir='ltr'><em>δεινῇ</em></span> <span class='ocrx_word' id='word_1_83' title='bbox 1304 741 1599 799; x_wconf 81' lang='grc' dir='ltr'><em>περιπεσόντα,</em></span> <span class='ocrx_word' id='word_1_84' title='bbox 1642 742 1695 786; x_wconf 71' lang='grc' dir='ltr'>οὔ</span> 
     </span>
     <span class='ocr_line' id='line_1_11' title="bbox 257 801 1752 865; baseline 0.004 -16"><span class='ocrx_word' id='word_1_85' title='bbox 257 806 424 862; x_wconf 80' lang='grc' dir='ltr'><em>μακρὰν</em></span> <span class='ocrx_word' id='word_1_86' title='bbox 456 807 652 861; x_wconf 73' lang='grc' dir='ltr'><em>γενέσθαι</em></span> <span class='ocrx_word' id='word_1_87' title='bbox 685 808 762 849; x_wconf 76' lang='grc' dir='ltr'>τοῦ</span> <span class='ocrx_word' id='word_1_88' title='bbox 801 803 1053 850; x_wconf 81' lang='grc' dir='ltr'><em>ἀποθανεῖν.</em></span> <span class='ocrx_word' id='word_1_89' title='bbox 1115 801 1165 849; x_wconf 70' lang='grc' dir='ltr'>οὗ</span> <span class='ocrx_word' id='word_1_90' title='bbox 1194 806 1298 861; x_wconf 79' lang='grc' dir='ltr'><em>μετὰ</em></span> <span class='ocrx_word' id='word_1_91' title='bbox 1326 805 1378 850; x_wconf 76' lang='grc' dir='ltr'><em>τοὶ</em></span> <span class='ocrx_word' id='word_1_92' title='bbox 1408 809 1509 851; x_wconf 81' lang='grc' dir='ltr'><em>δέκα</em></span> <span class='ocrx_word' id='word_1_93' title='bbox 1538 807 1613 865; x_wconf 73' lang='grc' dir='ltr'><em>ἔτη</em></span> <span class='ocrx_word' id='word_1_94' title='bbox 1643 809 1752 855; x_wconf 73' lang='grc' dir='ltr'><em>οἷ’-ιο</em></span> 
     </span>
     <span class='ocr_line' id='line_1_12' title="bbox 257 869 1696 929; baseline 0.003 -16"><span class='ocrx_word' id='word_1_95' title='bbox 257 869 437 924; x_wconf 80' lang='grc' dir='ltr'><em>ποστάς,</em></span> <span class='ocrx_word' id='word_1_96' title='bbox 481 873 564 914; x_wconf 76' lang='grc' dir='ltr'>τῶν</span> <span class='ocrx_word' id='word_1_97' title='bbox 598 873 729 915; x_wconf 76' lang='grc' dir='ltr'><em>ἐκεῖσε</em></span> <span class='ocrx_word' id='word_1_98' title='bbox 762 872 1025 928; x_wconf 76' lang='grc' dir='ltr'><em>διακριτικαῖν</em></span> <span class='ocrx_word' id='word_1_99' title='bbox 1064 875 1257 929; x_wconf 85' lang='grc' dir='ltr'><em>πατέρων</em></span> <span class='ocrx_word' id='word_1_100' title='bbox 1288 872 1589 928; x_wconf 76' lang='grc' dir='ltr'><em>κελευσάντων,</em></span> <span class='ocrx_word' id='word_1_101' title='bbox 1631 870 1696 925; x_wconf 80' lang='grc' dir='ltr'><em>οἷς</em></span> 
     </span>
     <span class='ocr_line' id='line_1_13' title="bbox 258 935 1696 995; baseline 0.003 -18"><span class='ocrx_word' id='word_1_102' title='bbox 258 936 334 978; x_wconf 78' lang='grc' dir='ltr'>οὔκ</span> <span class='ocrx_word' id='word_1_103' title='bbox 361 938 455 991; x_wconf 80' lang='grc' dir='ltr'><em>ἐξῆν</em></span> <span class='ocrx_word' id='word_1_104' title='bbox 472 936 522 979; x_wconf 74' lang='grc' dir='ltr'>τὰ</span> <span class='ocrx_word' id='word_1_105' title='bbox 545 937 694 991; x_wconf 81' lang='grc' dir='ltr'><em>βελτίω</em></span> <span class='ocrx_word' id='word_1_106' title='bbox 721 935 1056 992; x_wconf 77' lang='grc' dir='ltr'><em>συμβουλεύουσι</em></span> <span class='ocrx_word' id='word_1_107' title='bbox 1075 937 1133 994; x_wconf 76' lang='grc' dir='ltr'>μὴ</span> <span class='ocrx_word' id='word_1_108' title='bbox 1161 937 1407 991; x_wconf 75' lang='grc' dir='ltr'><em>πείθεσθαι,</em></span> <span class='ocrx_word' id='word_1_109' title='bbox 1448 935 1595 995; x_wconf 73' lang='grc' dir='ltr'><em>πρῶτα</em></span> <span class='ocrx_word' id='word_1_110' title='bbox 1614 939 1696 993; x_wconf 79' lang='grc' dir='ltr'><em>μὲν</em></span> 
     </span>
     <span class='ocr_line' id='line_1_14' title="bbox 218 997 1696 1061; baseline 0.003 -18"><span class='ocrx_word' id='word_1_111' title='bbox 218 1003 328 1058; x_wconf 78' lang='grc' dir='ltr'>Βέφ’</span> <span class='ocrx_word' id='word_1_112' title='bbox 360 1001 499 1044; x_wconf 86' lang='grc' dir='ltr'><em>ἱκανὸν</em></span> <span class='ocrx_word' id='word_1_113' title='bbox 536 1004 580 1044; x_wconf 81' lang='grc' dir='ltr'><em>ἐν</em></span> <span class='ocrx_word' id='word_1_114' title='bbox 612 1009 699 1052; x_wconf 81' lang='grc' dir='ltr'><em>τοῖς</em></span> <span class='ocrx_word' id='word_1_115' title='bbox 740 1002 846 1045; x_wconf 75' lang='grc' dir='ltr'><em>κατὰ</em></span> <span class='ocrx_word' id='word_1_116' title='bbox 887 1001 958 1046; x_wconf 88' lang='grc' dir='ltr'>τὸν</span> <span class='ocrx_word' id='word_1_117' title='bbox 977 997 1102 1047; x_wconf 73' lang='grc' dir='ltr'>’Ἀθω</span> <span class='ocrx_word' id='word_1_118' title='bbox 1127 1005 1318 1060; x_wconf 82' lang='grc' dir='ltr'><em>διέτριψε</em></span> <span class='ocrx_word' id='word_1_119' title='bbox 1351 1003 1696 1061; x_wconf 84' lang='grc' dir='ltr'><em>φροντιστηρίοις,</em></span> 
     </span>
     <span class='ocr_line' id='line_1_15' title="bbox 256 1064 1698 1125; baseline 0.003 -17"><span class='ocrx_word' id='word_1_120' title='bbox 256 1064 399 1110; x_wconf 76' lang='grc' dir='ltr'><em>ἔπειτα</em></span> <span class='ocrx_word' id='word_1_121' title='bbox 432 1069 504 1123; x_wconf 80' lang='grc' dir='ltr'>τῆς</span> <span class='ocrx_word' id='word_1_122' title='bbox 532 1067 631 1125; x_wconf 77' lang='grc' dir='ltr'><em>περὶ</em></span> <span class='ocrx_word' id='word_1_123' title='bbox 660 1066 706 1111; x_wconf 84' lang='grc' dir='ltr'>τὸ</span> <span class='ocrx_word' id='word_1_124' title='bbox 739 1071 861 1122; x_wconf 76' lang='grc' dir='ltr'><em>σῶμα</em></span> <span class='ocrx_word' id='word_1_125' title='bbox 900 1069 1149 1122; x_wconf 87' lang='grc' dir='ltr'><em>νοσοκομίας</em></span> <span class='ocrx_word' id='word_1_126' title='bbox 1175 1067 1437 1125; x_wconf 78' lang='grc' dir='ltr'><em>ἐπειγούσης,</em></span> <span class='ocrx_word' id='word_1_127' title='bbox 1473 1064 1611 1125; x_wconf 76' lang='grc' dir='ltr'><em>ἦλθεν</em></span> <span class='ocrx_word' id='word_1_128' title='bbox 1636 1071 1698 1119; x_wconf 78' lang='grc' dir='ltr'>εἰς</span> 
     </span>
     <span class='ocr_line' id='line_1_16' title="bbox 258 1128 1746 1191; baseline 0.003 -17"><span class='ocrx_word' id='word_1_129' title='bbox 258 1132 576 1188; x_wconf 85' lang='grc' dir='ltr'><em>Θεσσαλονίκην.</em></span> <span class='ocrx_word' id='word_1_130' title='bbox 630 1128 751 1183; x_wconf 77' lang='grc' dir='ltr'><em>οὗτος</em></span> <span class='ocrx_word' id='word_1_131' title='bbox 783 1133 834 1189; x_wconf 81' lang='grc' dir='ltr'><em>δὴ</em></span> <span class='ocrx_word' id='word_1_132' title='bbox 866 1129 955 1186; x_wconf 76' lang='grc' dir='ltr'><em>ἅμα</em></span> <span class='ocrx_word' id='word_1_133' title='bbox 982 1140 1066 1184; x_wconf 85' lang='grc' dir='ltr'><em>τοῖς</em></span> <span class='ocrx_word' id='word_1_134' title='bbox 1090 1129 1230 1183; x_wconf 74' lang='grc' dir='ltr'><em>ἄλλοις</em></span> <span class='ocrx_word' id='word_1_135' title='bbox 1257 1130 1307 1175; x_wconf 80' lang='grc' dir='ltr'>οὖ</span> <span class='ocrx_word' id='word_1_136' title='bbox 1337 1134 1517 1191; x_wconf 86' lang='grc' dir='ltr'><em>μετρίως</em></span> <span class='ocrx_word' id='word_1_137' title='bbox 1541 1135 1746 1189; x_wconf 73' lang='grc' dir='ltr'><em>δυσχε-ιό</em></span> 
     </span>
     <span class='ocr_line' id='line_1_17' title="bbox 255 1196 1694 1256; baseline 0.002 -17"><span class='ocrx_word' id='word_1_138' title='bbox 255 1196 454 1254; x_wconf 82' lang='grc' dir='ltr'><em>ράναντες</em></span> <span class='ocrx_word' id='word_1_139' title='bbox 484 1198 587 1241; x_wconf 77' lang='grc' dir='ltr'><em>κατὰ</em></span> <span class='ocrx_word' id='word_1_140' title='bbox 614 1197 825 1256; x_wconf 77' lang='grc' dir='ltr'><em>Βαρλαὰμ</em></span> <span class='ocrx_word' id='word_1_141' title='bbox 856 1198 909 1242; x_wconf 80' lang='grc' dir='ltr'>τά</span> <span class='ocrx_word' id='word_1_142' title='bbox 940 1201 1012 1254; x_wconf 81' lang='grc' dir='ltr'>τῆς</span> <span class='ocrx_word' id='word_1_143' title='bbox 1040 1199 1154 1256; x_wconf 82' lang='grc' dir='ltr'><em>ἱερᾶς</em></span> <span class='ocrx_word' id='word_1_144' title='bbox 1181 1197 1362 1256; x_wconf 78' lang='grc' dir='ltr'><em>ἡσυχίας</em></span> <span class='ocrx_word' id='word_1_145' title='bbox 1392 1199 1694 1256; x_wconf 78' lang='grc' dir='ltr'><em>ἔξορχουμένου</em></span> 
     </span>
     <span class='ocr_line' id='line_1_18' title="bbox 256 1260 1697 1321; baseline 0.001 -17"><span class='ocrx_word' id='word_1_146' title='bbox 256 1264 327 1305; x_wconf 83' lang='grc' dir='ltr'><em>καί</em></span> <span class='ocrx_word' id='word_1_147' title='bbox 356 1263 511 1312; x_wconf 82' lang='grc' dir='ltr'><em>πολλάς</em></span> <span class='ocrx_word' id='word_1_148' title='bbox 540 1260 671 1320; x_wconf 79' lang='grc' dir='ltr'><em>αὖτῆς</em></span> <span class='ocrx_word' id='word_1_149' title='bbox 692 1268 963 1318; x_wconf 79' lang='grc' dir='ltr'><em>καταχέοντος</em></span> <span class='ocrx_word' id='word_1_150' title='bbox 994 1263 1069 1315; x_wconf 83' lang='grc' dir='ltr'>τὰς</span> <span class='ocrx_word' id='word_1_151' title='bbox 1102 1265 1333 1321; x_wconf 86' lang='grc' dir='ltr'><em>λοιδορίας,</em></span> <span class='ocrx_word' id='word_1_152' title='bbox 1380 1262 1470 1306; x_wconf 72' lang='grc' dir='ltr'><em>τισὶ</em></span> <span class='ocrx_word' id='word_1_153' title='bbox 1500 1266 1589 1309; x_wconf 73' lang='grc' dir='ltr'><em>’τῶν</em></span> <span class='ocrx_word' id='word_1_154' title='bbox 1623 1267 1697 1320; x_wconf 83' lang='grc' dir='ltr'>φί-</span> 
     </span>
     <span class='ocr_line' id='line_1_19' title="bbox 257 1325 1696 1386; baseline 0 -17"><span class='ocrx_word' id='word_1_155' title='bbox 257 1331 340 1370; x_wconf 90' lang='grc' dir='ltr'><em>λων</em></span> <span class='ocrx_word' id='word_1_156' title='bbox 367 1326 468 1384; x_wconf 88' lang='grc' dir='ltr'><em>πρὸς</em></span> <span class='ocrx_word' id='word_1_157' title='bbox 498 1325 627 1372; x_wconf 81' lang='grc' dir='ltr'><em>αὖτὸν</em></span> <span class='ocrx_word' id='word_1_158' title='bbox 654 1329 911 1386; x_wconf 79' lang='grc' dir='ltr'><em>χρησάμενοι</em></span> <span class='ocrx_word' id='word_1_159' title='bbox 940 1334 1238 1386; x_wconf 81' lang='grc' dir='ltr'><em>πρεσβευταῖς,</em></span> <span class='ocrx_word' id='word_1_160' title='bbox 1287 1331 1447 1372; x_wconf 77' lang='grc' dir='ltr'><em>ἐδέοντο</em></span> <span class='ocrx_word' id='word_1_161' title='bbox 1482 1327 1696 1372; x_wconf 70' lang='grc' dir='ltr'><em>παύεσθαι</em></span> 
     </span>
     <span class='ocr_line' id='line_1_20' title="bbox 255 1392 1694 1450; baseline 0.001 -15"><span class='ocrx_word' id='word_1_162' title='bbox 255 1395 331 1435; x_wconf 80' lang='grc' dir='ltr'>τοῦ</span> <span class='ocrx_word' id='word_1_163' title='bbox 361 1395 537 1436; x_wconf 77' lang='grc' dir='ltr'><em>τοιαῦτα</em></span> <span class='ocrx_word' id='word_1_164' title='bbox 564 1396 637 1436; x_wconf 85' lang='grc' dir='ltr'><em>καί</em></span> <span class='ocrx_word' id='word_1_165' title='bbox 666 1401 837 1450; x_wconf 82' lang='grc' dir='ltr'><em>φρονεῖν</em></span> <span class='ocrx_word' id='word_1_166' title='bbox 869 1397 942 1437; x_wconf 82' lang='grc' dir='ltr'><em>καί</em></span> <span class='ocrx_word' id='word_1_167' title='bbox 971 1396 1103 1449; x_wconf 78' lang='grc' dir='ltr'><em>λέγειν</em></span> <span class='ocrx_word' id='word_1_168' title='bbox 1130 1393 1236 1436; x_wconf 82' lang='grc' dir='ltr'><em>κατὰ</em></span> <span class='ocrx_word' id='word_1_169' title='bbox 1269 1396 1352 1437; x_wconf 81' lang='grc' dir='ltr'><em>τῶν</em></span> <span class='ocrx_word' id='word_1_170' title='bbox 1380 1392 1694 1450; x_wconf 80' lang='grc' dir='ltr'><em>ἡσυχαζόντων,</em></span> 
     </span>
     <span class='ocr_line' id='line_1_21' title="bbox 257 1452 1748 1516; baseline 0.003 -17"><span class='ocrx_word' id='word_1_171' title='bbox 257 1457 329 1500; x_wconf 84' lang='grc' dir='ltr'>καί</span> <span class='ocrx_word' id='word_1_172' title='bbox 357 1457 415 1513; x_wconf 77' lang='grc' dir='ltr'>μὴ</span> <span class='ocrx_word' id='word_1_173' title='bbox 441 1459 511 1500; x_wconf 75' lang='grc' dir='ltr'>διὰ</span> <span class='ocrx_word' id='word_1_174' title='bbox 534 1452 611 1514; x_wconf 76' lang='grc' dir='ltr'>τὴν</span> <span class='ocrx_word' id='word_1_175' title='bbox 637 1455 830 1515; x_wconf 77' lang='grc' dir='ltr'><em>ἀπειρίαν</em></span> <span class='ocrx_word' id='word_1_176' title='bbox 851 1457 943 1509; x_wconf 75' lang='grc' dir='ltr'><em>ἐνὸς</em></span> <span class='ocrx_word' id='word_1_177' title='bbox 967 1459 1018 1502; x_wconf 76' lang='grc' dir='ltr'>τὰ</span> <span class='ocrx_word' id='word_1_178' title='bbox 1038 1459 1111 1501; x_wconf 83' lang='grc' dir='ltr'>ἴσα</span> <span class='ocrx_word' id='word_1_179' title='bbox 1130 1459 1294 1501; x_wconf 82' lang='grc' dir='ltr'><em>πάντων</em></span> <span class='ocrx_word' id='word_1_180' title='bbox 1321 1458 1748 1516; x_wconf 69' lang='grc' dir='ltr'><em>καταψηφίζεσθαιαο</em></span> 
     </span>
     <span class='ocr_line' id='line_1_22' title="bbox 256 1518 1694 1580; baseline 0.001 -17"><span class='ocrx_word' id='word_1_181' title='bbox 256 1522 339 1576; x_wconf 79' lang='grc' dir='ltr'>καί,</span> <span class='ocrx_word' id='word_1_182' title='bbox 367 1521 414 1564; x_wconf 89' lang='grc' dir='ltr'>τό</span> <span class='ocrx_word' id='word_1_183' title='bbox 444 1538 488 1577; x_wconf 81' lang='grc' dir='ltr'>γε</span> <span class='ocrx_word' id='word_1_184' title='bbox 517 1526 576 1573; x_wconf 87' lang='grc' dir='ltr'>εἰς</span> <span class='ocrx_word' id='word_1_185' title='bbox 607 1522 733 1566; x_wconf 76' lang='grc' dir='ltr'><em>αὐτὸν</em></span> <span class='ocrx_word' id='word_1_186' title='bbox 762 1518 884 1579; x_wconf 76' lang='grc' dir='ltr'><em>ἧκον,</em></span> <span class='ocrx_word' id='word_1_187' title='bbox 925 1526 999 1567; x_wconf 78' lang='grc' dir='ltr'>τοῦ</span> <span class='ocrx_word' id='word_1_188' title='bbox 1025 1520 1253 1580; x_wconf 74' lang='grc' dir='ltr'><em>ἀκροτάτου</em></span> <span class='ocrx_word' id='word_1_189' title='bbox 1293 1524 1389 1578; x_wconf 87' lang='grc' dir='ltr'><em>βίου</em></span> <span class='ocrx_word' id='word_1_190' title='bbox 1426 1523 1500 1565; x_wconf 82' lang='grc' dir='ltr'><em>καί</em></span> <span class='ocrx_word' id='word_1_191' title='bbox 1527 1526 1601 1580; x_wconf 82' lang='grc' dir='ltr'>τῆς</span> <span class='ocrx_word' id='word_1_192' title='bbox 1626 1539 1694 1565; x_wconf 86' lang='grc' dir='ltr'>τε-</span> 
     </span>
     <span class='ocr_line' id='line_1_23' title="bbox 256 1581 1695 1645; baseline 0 -15"><span class='ocrx_word' id='word_1_193' title='bbox 256 1586 463 1643; x_wconf 78' lang='grc' dir='ltr'><em>λεωτάτης</em></span> <span class='ocrx_word' id='word_1_194' title='bbox 493 1587 696 1639; x_wconf 87' lang='grc' dir='ltr'><em>πολιτείας</em></span> <span class='ocrx_word' id='word_1_195' title='bbox 721 1587 820 1638; x_wconf 77' lang='grc' dir='ltr'><em>τούς</em></span> <span class='ocrx_word' id='word_1_196' title='bbox 848 1588 1099 1645; x_wconf 76' lang='grc' dir='ltr'><em>ἀνθρώπους</em></span> <span class='ocrx_word' id='word_1_197' title='bbox 1129 1589 1382 1643; x_wconf 79' lang='grc' dir='ltr'><em>ἀποστερεῖν,</em></span> <span class='ocrx_word' id='word_1_198' title='bbox 1412 1586 1466 1630; x_wconf 79' lang='grc' dir='ltr'><em>τοὶ</em></span> <span class='ocrx_word' id='word_1_199' title='bbox 1491 1588 1567 1629; x_wconf 71' lang='grc' dir='ltr'>οὔκ</span> <span class='ocrx_word' id='word_1_200' title='bbox 1591 1581 1695 1630; x_wconf 69' lang='grc' dir='ltr'><em>ὄντα</em></span> 
     </span>
     <span class='ocr_line' id='line_1_24' title="bbox 256 1651 1694 1708; baseline 0 -14"><span class='ocrx_word' id='word_1_201' title='bbox 256 1653 620 1708; x_wconf 84' lang='grc' dir='ltr'><em>καταψευδόμενον</em></span> <span class='ocrx_word' id='word_1_202' title='bbox 656 1654 727 1696; x_wconf 82' lang='grc' dir='ltr'><em>καί</em></span> <span class='ocrx_word' id='word_1_203' title='bbox 763 1654 821 1704; x_wconf 73' lang='grc' dir='ltr'><em>ὥς</em></span> <span class='ocrx_word' id='word_1_204' title='bbox 853 1653 1155 1697; x_wconf 79' lang='grc' dir='ltr'><em>κακῶνάἰτίαν</em></span> <span class='ocrx_word' id='word_1_205' title='bbox 1187 1652 1468 1708; x_wconf 78' lang='grc' dir='ltr'><em>διαβάλλοντα</em></span> <span class='ocrx_word' id='word_1_206' title='bbox 1498 1651 1572 1695; x_wconf 73' lang='grc' dir='ltr'><em>καὶ</em></span> <span class='ocrx_word' id='word_1_207' title='bbox 1601 1651 1694 1695; x_wconf 83' lang='grc' dir='ltr'><em>πεί-</em></span> 
     </span>
    </p>
   </div>
   <div class='ocr_carea' id='block_1_3' title="bbox 253 1751 1692 2727">
    <p class='ocr_par' dir='ltr' id='par_1_5' title="bbox 253 1751 1692 2727">
     <span class='ocr_line' id='line_1_25' title="bbox 257 1751 1692 1800; baseline 0 -14"><span class='ocrx_word' id='word_1_208' title='bbox 257 1752 368 1787; x_wconf 83' lang='lat' dir='ltr'>tionis</span> <span class='ocrx_word' id='word_1_209' title='bbox 391 1754 582 1799; x_wconf 88' lang='lat' dir='ltr'>profectus.</span> <span class='ocrx_word' id='word_1_210' title='bbox 630 1754 710 1787; x_wconf 88' lang='lat' dir='ltr'>Non</span> <span class='ocrx_word' id='word_1_211' title='bbox 734 1754 796 1787; x_wconf 91' lang='lat' dir='ltr'>diu</span> <span class='ocrx_word' id='word_1_212' title='bbox 821 1760 903 1799; x_wconf 86' lang='lat' dir='ltr'>post</span> <span class='ocrx_word' id='word_1_213' title='bbox 922 1754 1025 1788; x_wconf 85' lang='lat' dir='ltr'>illum</span> <span class='ocrx_word' id='word_1_214' title='bbox 1046 1755 1213 1800; x_wconf 87' lang='lat' dir='ltr'>magister</span> <span class='ocrx_word' id='word_1_215' title='bbox 1230 1751 1383 1787; x_wconf 85' lang='lat' dir='ltr'>vinculis</span> <span class='ocrx_word' id='word_1_216' title='bbox 1401 1757 1564 1787; x_wconf 80' lang='lat' dir='ltr'><strong>terrenae</strong></span> <span class='ocrx_word' id='word_1_217' title='bbox 1582 1751 1692 1788; x_wconf 84' lang='lat' dir='ltr'>huius</span> 
     </span>
     <span class='ocr_line' id='line_1_26' title="bbox 258 1800 1687 1846; baseline 0 -14"><span class='ocrx_word' id='word_1_218' title='bbox 258 1804 296 1833; x_wconf 91' lang='lat' dir='ltr'>et</span> <span class='ocrx_word' id='word_1_219' title='bbox 320 1800 480 1834; x_wconf 85' lang='lat' dir='ltr'>abiectae</span> <span class='ocrx_word' id='word_1_220' title='bbox 505 1803 716 1835; x_wconf 84' lang='lat' dir='ltr'>carunculae</span> <span class='ocrx_word' id='word_1_221' title='bbox 738 1803 942 1841; x_wconf 81' lang='lat' dir='ltr'>exsolutus,</span> <span class='ocrx_word' id='word_1_222' title='bbox 967 1801 1013 1834; x_wconf 88' lang='lat' dir='ltr'>ad</span> <span class='ocrx_word' id='word_1_223' title='bbox 1033 1813 1135 1842; x_wconf 90' lang='lat' dir='ltr'>eum,</span> <span class='ocrx_word' id='word_1_224' title='bbox 1160 1810 1267 1846; x_wconf 88' lang='lat' dir='ltr'>quem</span> <span class='ocrx_word' id='word_1_225' title='bbox 1291 1800 1336 1833; x_wconf 90' lang='lat' dir='ltr'>ab</span> <span class='ocrx_word' id='word_1_226' title='bbox 1360 1801 1466 1834; x_wconf 87' lang='lat' dir='ltr'>initio</span> <span class='ocrx_word' id='word_1_227' title='bbox 1491 1801 1687 1844; x_wconf 82' lang='lat' dir='ltr'>concupie-</span> 
     </span>
     <span class='ocr_line' id='line_1_27' title="bbox 257 1845 1688 1894; baseline 0 -15"><span class='ocrx_word' id='word_1_228' title='bbox 257 1851 331 1887; x_wconf 86' lang='lat' dir='ltr'>rat,</span> <span class='ocrx_word' id='word_1_229' title='bbox 360 1848 523 1880; x_wconf 78' lang='lat' dir='ltr'><strong>evolavit.</strong></span> <span class='ocrx_word' id='word_1_230' title='bbox 573 1848 744 1892; x_wconf 81' lang='lat' dir='ltr'>Gregorio</span> <span class='ocrx_word' id='word_1_231' title='bbox 769 1854 887 1882; x_wconf 79' lang='lat' dir='ltr'>autem</span> <span class='ocrx_word' id='word_1_232' title='bbox 912 1853 949 1881; x_wconf 87' lang='lat' dir='ltr'>et</span> <span class='ocrx_word' id='word_1_233' title='bbox 977 1847 1096 1888; x_wconf 83' lang='lat' dir='ltr'>fratri,</span> <span class='ocrx_word' id='word_1_234' title='bbox 1134 1847 1236 1894; x_wconf 81' lang='lat' dir='ltr'>quasi</span> <span class='ocrx_word' id='word_1_235' title='bbox 1260 1845 1429 1891; x_wconf 76' lang='lat' dir='ltr'><strong>orphanis</strong></span> <span class='ocrx_word' id='word_1_236' title='bbox 1453 1858 1473 1880; x_wconf 79' lang='lat' dir='ltr'>a</span> <span class='ocrx_word' id='word_1_237' title='bbox 1502 1851 1604 1890; x_wconf 81' lang='lat' dir='ltr'>patre</span> <span class='ocrx_word' id='word_1_238' title='bbox 1629 1856 1688 1879; x_wconf 87' lang='lat' dir='ltr'>re·-</span> 
     </span>
     <span class='ocr_line' id='line_1_28' title="bbox 256 1892 1691 1946; baseline 0 -21"><span class='ocrx_word' id='word_1_239' title='bbox 256 1892 365 1934; x_wconf 86' lang='lat' dir='ltr'>lictis‚</span> <span class='ocrx_word' id='word_1_240' title='bbox 389 1894 504 1927; x_wconf 88' lang='lat' dir='ltr'>visum</span> <span class='ocrx_word' id='word_1_241' title='bbox 530 1899 602 1935; x_wconf 86' lang='lat' dir='ltr'>est,</span> <span class='ocrx_word' id='word_1_242' title='bbox 627 1906 700 1927; x_wconf 86' lang='lat' dir='ltr'>non</span> <span class='ocrx_word' id='word_1_243' title='bbox 724 1899 890 1938; x_wconf 84' lang='lat' dir='ltr'><strong>oportere</strong></span> <span class='ocrx_word' id='word_1_244' title='bbox 915 1895 986 1927; x_wconf 88' lang='lat' dir='ltr'>iam</span> <span class='ocrx_word' id='word_1_245' title='bbox 1010 1894 1122 1928; x_wconf 85' lang='lat' dir='ltr'>aetati</span> <span class='ocrx_word' id='word_1_246' title='bbox 1147 1893 1312 1927; x_wconf 82' lang='lat' dir='ltr'>credere:</span> <span class='ocrx_word' id='word_1_247' title='bbox 1336 1902 1448 1946; x_wconf 69' lang='lat' dir='ltr'>quare</span> <span class='ocrx_word' id='word_1_248' title='bbox 1470 1892 1576 1926; x_wconf 79' lang='lat' dir='ltr'>alteri</span> <span class='ocrx_word' id='word_1_249' title='bbox 1593 1892 1691 1937; x_wconf 82' lang='lat' dir='ltr'>patri</span> 
     </span>
     <span class='ocr_line' id='line_1_29' title="bbox 257 1940 1691 1986; baseline -0.001 -15"><span class='ocrx_word' id='word_1_250' title='bbox 257 1940 437 1983; x_wconf 84' lang='lat' dir='ltr'>spirituali</span> <span class='ocrx_word' id='word_1_251' title='bbox 464 1951 501 1973; x_wconf 89' lang='lat' dir='ltr'>se</span> <span class='ocrx_word' id='word_1_252' title='bbox 526 1940 710 1981; x_wconf 87' lang='lat' dir='ltr'>subdunt,</span> <span class='ocrx_word' id='word_1_253' title='bbox 751 1941 817 1973; x_wconf 89' lang='lat' dir='ltr'>suh</span> <span class='ocrx_word' id='word_1_254' title='bbox 843 1951 914 1986; x_wconf 88' lang='lat' dir='ltr'>quo</span> <span class='ocrx_word' id='word_1_255' title='bbox 945 1946 1025 1974; x_wconf 91' lang='lat' dir='ltr'>octo</span> <span class='ocrx_word' id='word_1_256' title='bbox 1058 1941 1160 1974; x_wconf 89' lang='lat' dir='ltr'>annis</span> <span class='ocrx_word' id='word_1_257' title='bbox 1196 1944 1406 1980; x_wconf 74' lang='lat' dir='ltr'>transactis,</span> <span class='ocrx_word' id='word_1_258' title='bbox 1441 1944 1629 1984; x_wconf 79' lang='lat' dir='ltr'><strong>postquam</strong></span> <span class='ocrx_word' id='word_1_259' title='bbox 1653 1942 1691 1971; x_wconf 84' lang='lat' dir='ltr'>et</span> 
     </span>
     <span class='ocr_line' id='line_1_30' title="bbox 258 1983 1692 2032; baseline 0 -15"><span class='ocrx_word' id='word_1_260' title='bbox 258 1985 321 2018; x_wconf 88' lang='lat' dir='ltr'>ille</span> <span class='ocrx_word' id='word_1_261' title='bbox 352 1985 397 2018; x_wconf 90' lang='lat' dir='ltr'>ab</span> <span class='ocrx_word' id='word_1_262' title='bbox 435 1985 491 2019; x_wconf 86' lang='lat' dir='ltr'>his</span> <span class='ocrx_word' id='word_1_263' title='bbox 526 1986 631 2019; x_wconf 87' lang='lat' dir='ltr'>rebus</span> <span class='ocrx_word' id='word_1_264' title='bbox 662 1988 818 2020; x_wconf 85' lang='lat' dir='ltr'>moriens</span> <span class='ocrx_word' id='word_1_265' title='bbox 854 1987 1019 2028; x_wconf 79' lang='lat' dir='ltr'>recessit,</span> <span class='ocrx_word' id='word_1_266' title='bbox 1053 1986 1148 2032; x_wconf 89' lang='lat' dir='ltr'>apud</span> <span class='ocrx_word' id='word_1_267' title='bbox 1184 1986 1313 2020; x_wconf 86' lang='lat' dir='ltr'>Sceten</span> <span class='ocrx_word' id='word_1_268' title='bbox 1349 1985 1548 2019; x_wconf 86' lang='lat' dir='ltr'>Berrhoeae</span> <span class='ocrx_word' id='word_1_269' title='bbox 1585 1983 1692 2018; x_wconf 82' lang='lat' dir='ltr'>aedi-</span> 
     </span>
     <span class='ocr_line' id='line_1_31' title="bbox 256 2031 1692 2079; baseline -0.001 -15"><span class='ocrx_word' id='word_1_270' title='bbox 256 2032 361 2065; x_wconf 77' lang='lat' dir='ltr'>ficato</span> <span class='ocrx_word' id='word_1_271' title='bbox 393 2034 607 2065; x_wconf 79' lang='lat' dir='ltr'>monasterio</span> <span class='ocrx_word' id='word_1_272' title='bbox 631 2045 668 2066; x_wconf 87' lang='lat' dir='ltr'>se</span> <span class='ocrx_word' id='word_1_273' title='bbox 694 2033 886 2078; x_wconf 86' lang='lat' dir='ltr'>Gregorius</span> <span class='ocrx_word' id='word_1_274' title='bbox 910 2033 1086 2074; x_wconf 87' lang='lat' dir='ltr'>includit,</span> <span class='ocrx_word' id='word_1_275' title='bbox 1124 2034 1295 2079; x_wconf 89' lang='lat' dir='ltr'>omnique</span> <span class='ocrx_word' id='word_1_276' title='bbox 1318 2031 1519 2065; x_wconf 85' lang='lat' dir='ltr'>labentium</span> <span class='ocrx_word' id='word_1_277' title='bbox 1542 2042 1584 2064; x_wconf 87' lang='lat' dir='ltr'>ac</span> <span class='ocrx_word' id='word_1_278' title='bbox 1606 2041 1692 2076; x_wconf 86' lang='lat' dir='ltr'>per-</span> 
     </span>
     <span class='ocr_line' id='line_1_32' title="bbox 257 2075 1689 2124; baseline -0.001 -14"><span class='ocrx_word' id='word_1_279' title='bbox 257 2078 418 2112; x_wconf 87' lang='lat' dir='ltr'>euntium</span> <span class='ocrx_word' id='word_1_280' title='bbox 444 2090 525 2111; x_wconf 85' lang='lat' dir='ltr'>cura</span> <span class='ocrx_word' id='word_1_281' title='bbox 548 2080 728 2124; x_wconf 84' lang='lat' dir='ltr'>deposita,</span> <span class='ocrx_word' id='word_1_282' title='bbox 753 2091 873 2113; x_wconf 88' lang='lat' dir='ltr'>secum</span> <span class='ocrx_word' id='word_1_283' title='bbox 898 2081 974 2113; x_wconf 88' lang='lat' dir='ltr'>solo</span> <span class='ocrx_word' id='word_1_284' title='bbox 999 2086 1036 2113; x_wconf 85' lang='lat' dir='ltr'>et</span> <span class='ocrx_word' id='word_1_285' title='bbox 1061 2090 1141 2112; x_wconf 88' lang='lat' dir='ltr'>cum</span> <span class='ocrx_word' id='word_1_286' title='bbox 1166 2080 1243 2112; x_wconf 92' lang='lat' dir='ltr'>Deo</span> <span class='ocrx_word' id='word_1_287' title='bbox 1268 2078 1488 2123; x_wconf 81' lang='lat' dir='ltr'>colloquens,</span> <span class='ocrx_word' id='word_1_288' title='bbox 1514 2075 1689 2110; x_wconf 84' lang='lat' dir='ltr'>decenni-</span> 
     </span>
     <span class='ocr_line' id='line_1_33' title="bbox 255 2124 1690 2170; baseline -0.002 -12"><span class='ocrx_word' id='word_1_289' title='bbox 255 2135 316 2158; x_wconf 89' lang='lat' dir='ltr'>um</span> <span class='ocrx_word' id='word_1_290' title='bbox 341 2124 393 2157; x_wconf 89' lang='lat' dir='ltr'>ibi</span> <span class='ocrx_word' id='word_1_291' title='bbox 427 2126 606 2166; x_wconf 85' lang='lat' dir='ltr'>traducit,</span> <span class='ocrx_word' id='word_1_292' title='bbox 642 2126 789 2159; x_wconf 80' lang='lat' dir='ltr'><strong>studens</strong></span> <span class='ocrx_word' id='word_1_293' title='bbox 827 2126 1057 2159; x_wconf 86' lang='lat' dir='ltr'>vehementer</span> <span class='ocrx_word' id='word_1_294' title='bbox 1089 2126 1252 2170; x_wconf 82' lang='lat' dir='ltr'>frangere</span> <span class='ocrx_word' id='word_1_295' title='bbox 1281 2125 1523 2169; x_wconf 79' lang='lat' dir='ltr'>appetitiones</span> <span class='ocrx_word' id='word_1_296' title='bbox 1545 2134 1625 2157; x_wconf 84' lang='lat' dir='ltr'>suas</span> <span class='ocrx_word' id='word_1_297' title='bbox 1651 2127 1690 2156; x_wconf 83' lang='lat' dir='ltr'>et</span> 
     </span>
     <span class='ocr_line' id='line_1_34' title="bbox 257 2169 1687 2216; baseline -0.002 -12"><span class='ocrx_word' id='word_1_298' title='bbox 257 2171 400 2215; x_wconf 89' lang='lat' dir='ltr'>spiritui</span> <span class='ocrx_word' id='word_1_299' title='bbox 427 2182 484 2204; x_wconf 88' lang='lat' dir='ltr'>eas</span> <span class='ocrx_word' id='word_1_300' title='bbox 509 2173 705 2206; x_wconf 87' lang='lat' dir='ltr'>subiicere:</span> <span class='ocrx_word' id='word_1_301' title='bbox 730 2173 819 2205; x_wconf 87' lang='lat' dir='ltr'>adeo</span> <span class='ocrx_word' id='word_1_302' title='bbox 845 2178 886 2205; x_wconf 90' lang='lat' dir='ltr'>ut</span> <span class='ocrx_word' id='word_1_303' title='bbox 917 2184 960 2205; x_wconf 83' lang='lat' dir='ltr'>ex</span> <span class='ocrx_word' id='word_1_304' title='bbox 984 2172 1226 2206; x_wconf 77' lang='lat' dir='ltr'>assiduissima</span> <span class='ocrx_word' id='word_1_305' title='bbox 1251 2170 1518 2216; x_wconf 86' lang='lat' dir='ltr'>asperrimaque</span> <span class='ocrx_word' id='word_1_306' title='bbox 1540 2169 1687 2214; x_wconf 84' lang='lat' dir='ltr'>pietatis</span> 
     </span>
     <span class='ocr_line' id='line_1_35' title="bbox 257 2215 1688 2263; baseline -0.001 -14"><span class='ocrx_word' id='word_1_307' title='bbox 257 2218 557 2250; x_wconf 80' lang='lat' dir='ltr'>exercitationum</span> <span class='ocrx_word' id='word_1_308' title='bbox 583 2220 813 2261; x_wconf 82' lang='lat' dir='ltr'>usurpatione</span> <span class='ocrx_word' id='word_1_309' title='bbox 838 2225 876 2252; x_wconf 90' lang='lat' dir='ltr'>et</span> <span class='ocrx_word' id='word_1_310' title='bbox 901 2219 1091 2263; x_wconf 86' lang='lat' dir='ltr'>speluncae</span> <span class='ocrx_word' id='word_1_311' title='bbox 1116 2218 1225 2263; x_wconf 84' lang='lat' dir='ltr'>frigus</span> <span class='ocrx_word' id='word_1_312' title='bbox 1252 2218 1293 2250; x_wconf 84' lang='lat' dir='ltr'>in</span> <span class='ocrx_word' id='word_1_313' title='bbox 1316 2215 1495 2250; x_wconf 89' lang='lat' dir='ltr'>difficilem</span> <span class='ocrx_word' id='word_1_314' title='bbox 1520 2215 1688 2249; x_wconf 85' lang='lat' dir='ltr'>morbum</span> 
     </span>
     <span class='ocr_line' id='line_1_36' title="bbox 257 2259 1688 2308; baseline -0.001 -13"><span class='ocrx_word' id='word_1_315' title='bbox 257 2262 422 2307; x_wconf 80' lang='lat' dir='ltr'>delapsus</span> <span class='ocrx_word' id='word_1_316' title='bbox 442 2287 451 2303; x_wconf 91' lang='lat'>,</span> <span class='ocrx_word' id='word_1_317' title='bbox 470 2275 544 2297; x_wconf 90' lang='lat' dir='ltr'>non</span> <span class='ocrx_word' id='word_1_318' title='bbox 570 2266 693 2308; x_wconf 82' lang='lat' dir='ltr'>procui</span> <span class='ocrx_word' id='word_1_319' title='bbox 716 2265 760 2297; x_wconf 90' lang='lat' dir='ltr'>ab</span> <span class='ocrx_word' id='word_1_320' title='bbox 785 2265 934 2298; x_wconf 85' lang='lat' dir='ltr'>interitu</span> <span class='ocrx_word' id='word_1_321' title='bbox 956 2265 1105 2298; x_wconf 86' lang='lat' dir='ltr'>abesset.</span> <span class='ocrx_word' id='word_1_322' title='bbox 1147 2263 1234 2297; x_wconf 87' lang='lat' dir='ltr'>Inde</span> <span class='ocrx_word' id='word_1_323' title='bbox 1259 2274 1339 2296; x_wconf 84' lang='lat' dir='ltr'>eum</span> <span class='ocrx_word' id='word_1_324' title='bbox 1362 2267 1444 2307; x_wconf 84' lang='lat' dir='ltr'>post</span> <span class='ocrx_word' id='word_1_325' title='bbox 1462 2273 1595 2295; x_wconf 82' lang='lat' dir='ltr'>annum</span> <span class='ocrx_word' id='word_1_326' title='bbox 1621 2259 1688 2294; x_wconf 89' lang='lat' dir='ltr'>de-</span> 
     </span>
     <span class='ocr_line' id='line_1_37' title="bbox 256 2307 1686 2355; baseline -0.001 -14"><span class='ocrx_word' id='word_1_327' title='bbox 256 2311 388 2342; x_wconf 89' lang='lat' dir='ltr'>cimum</span> <span class='ocrx_word' id='word_1_328' title='bbox 423 2311 636 2345; x_wconf 84' lang='lat' dir='ltr'>auctoritate</span> <span class='ocrx_word' id='word_1_329' title='bbox 671 2317 809 2355; x_wconf 85' lang='lat' dir='ltr'>patrum</span> <span class='ocrx_word' id='word_1_330' title='bbox 837 2311 915 2344; x_wconf 87' lang='lat' dir='ltr'>illic</span> <span class='ocrx_word' id='word_1_331' title='bbox 940 2310 1197 2350; x_wconf 82' lang='lat' dir='ltr'>discretorum,</span> <span class='ocrx_word' id='word_1_332' title='bbox 1221 2321 1373 2355; x_wconf 88' lang='lat' dir='ltr'>quorum</span> <span class='ocrx_word' id='word_1_333' title='bbox 1397 2308 1542 2354; x_wconf 83' lang='lat' dir='ltr'>optimis</span> <span class='ocrx_word' id='word_1_334' title='bbox 1567 2307 1686 2341; x_wconf 85' lang='lat' dir='ltr'>consi-</span> 
     </span>
     <span class='ocr_line' id='line_1_38' title="bbox 256 2354 1688 2402; baseline -0.001 -15"><span class='ocrx_word' id='word_1_335' title='bbox 256 2356 315 2388; x_wconf 88' lang='lat' dir='ltr'>liis</span> <span class='ocrx_word' id='word_1_336' title='bbox 341 2355 509 2400; x_wconf 77' lang='lat' dir='ltr'>refragari</span> <span class='ocrx_word' id='word_1_337' title='bbox 541 2357 640 2389; x_wconf 86' lang='lat' dir='ltr'>nefas</span> <span class='ocrx_word' id='word_1_338' title='bbox 674 2363 772 2398; x_wconf 84' lang='lat' dir='ltr'>erat,</span> <span class='ocrx_word' id='word_1_339' title='bbox 810 2357 1053 2397; x_wconf 85' lang='lat' dir='ltr'>discessisset,</span> <span class='ocrx_word' id='word_1_340' title='bbox 1083 2357 1238 2401; x_wconf 89' lang='lat' dir='ltr'>primum</span> <span class='ocrx_word' id='word_1_341' title='bbox 1275 2354 1420 2402; x_wconf 88' lang='lat' dir='ltr'>quidem</span> <span class='ocrx_word' id='word_1_342' title='bbox 1453 2355 1515 2388; x_wconf 85' lang='lat' dir='ltr'>diu</span> <span class='ocrx_word' id='word_1_343' title='bbox 1538 2355 1578 2388; x_wconf 88' lang='lat' dir='ltr'>in</span> <span class='ocrx_word' id='word_1_344' title='bbox 1607 2364 1688 2386; x_wconf 68' lang='lat' dir='ltr'>mov</span> 
     </span>
     <span class='ocr_line' id='line_1_39' title="bbox 256 2400 1686 2447; baseline -0.001 -13"><span class='ocrx_word' id='word_1_345' title='bbox 256 2402 423 2434; x_wconf 88' lang='lat' dir='ltr'>nasteriis</span> <span class='ocrx_word' id='word_1_346' title='bbox 446 2402 541 2447; x_wconf 90' lang='lat' dir='ltr'>apud</span> <span class='ocrx_word' id='word_1_347' title='bbox 560 2402 652 2436; x_wconf 73' lang='lat' dir='ltr'>Atho</span> <span class='ocrx_word' id='word_1_348' title='bbox 681 2409 839 2436; x_wconf 88' lang='lat' dir='ltr'>montem</span> <span class='ocrx_word' id='word_1_349' title='bbox 863 2405 972 2437; x_wconf 85' lang='lat' dir='ltr'>vixit:</span> <span class='ocrx_word' id='word_1_350' title='bbox 1006 2402 1138 2436; x_wconf 86' lang='lat' dir='ltr'>deinde</span> <span class='ocrx_word' id='word_1_351' title='bbox 1161 2402 1344 2435; x_wconf 84' lang='lat' dir='ltr'>curatione</span> <span class='ocrx_word' id='word_1_352' title='bbox 1371 2400 1489 2434; x_wconf 88' lang='lat' dir='ltr'>morbi</span> <span class='ocrx_word' id='word_1_353' title='bbox 1513 2405 1686 2444; x_wconf 82' lang='lat' dir='ltr'>urgente,</span> 
     </span>
     <span class='ocr_line' id='line_1_40' title="bbox 256 2447 1684 2495; baseline -0.002 -15"><span class='ocrx_word' id='word_1_354' title='bbox 256 2447 549 2482; x_wconf 85' lang='lat' dir='ltr'>Thessalonicam</span> <span class='ocrx_word' id='word_1_355' title='bbox 581 2450 689 2482; x_wconf 87' lang='lat' dir='ltr'>venit.</span> <span class='ocrx_word' id='word_1_356' title='bbox 752 2450 819 2483; x_wconf 88' lang='lat' dir='ltr'>Hic</span> <span class='ocrx_word' id='word_1_357' title='bbox 853 2461 935 2494; x_wconf 86' lang='lat' dir='ltr'>ergo</span> <span class='ocrx_word' id='word_1_358' title='bbox 973 2450 1108 2495; x_wconf 86' lang='lat' dir='ltr'>aliique</span> <span class='ocrx_word' id='word_1_359' title='bbox 1143 2447 1311 2482; x_wconf 86' lang='lat' dir='ltr'>monachi</span> <span class='ocrx_word' id='word_1_360' title='bbox 1344 2448 1529 2481; x_wconf 84' lang='lat' dir='ltr'>Barlaamo</span> <span class='ocrx_word' id='word_1_361' title='bbox 1565 2454 1684 2479; x_wconf 82' lang='lat' dir='ltr'>sacrae</span> 
     </span>
     <span class='ocr_line' id='line_1_41' title="bbox 256 2492 1680 2542; baseline -0.002 -15"><span class='ocrx_word' id='word_1_362' title='bbox 256 2495 388 2539; x_wconf 87' lang='lat' dir='ltr'>quietis</span> <span class='ocrx_word' id='word_1_363' title='bbox 414 2496 580 2528; x_wconf 85' lang='lat' dir='ltr'>instituto</span> <span class='ocrx_word' id='word_1_364' title='bbox 606 2496 793 2528; x_wconf 86' lang='lat' dir='ltr'>insultanti</span> <span class='ocrx_word' id='word_1_365' title='bbox 821 2497 1016 2542; x_wconf 85' lang='lat' dir='ltr'>multisque</span> <span class='ocrx_word' id='word_1_366' title='bbox 1051 2496 1221 2529; x_wconf 87' lang='lat' dir='ltr'>conviciis</span> <span class='ocrx_word' id='word_1_367' title='bbox 1245 2494 1338 2527; x_wconf 86' lang='lat' dir='ltr'>illud</span> <span class='ocrx_word' id='word_1_368' title='bbox 1371 2492 1565 2527; x_wconf 81' lang='lat' dir='ltr'>cumulanti</span> <span class='ocrx_word' id='word_1_369' title='bbox 1599 2502 1680 2525; x_wconf 81' lang='lat' dir='ltr'>suc-</span> 
     </span>
     <span class='ocr_line' id='line_1_42' title="bbox 256 2537 1677 2588; baseline -0.003 -14"><span class='ocrx_word' id='word_1_370' title='bbox 256 2545 467 2582; x_wconf 83' lang='lat' dir='ltr'>censentes,</span> <span class='ocrx_word' id='word_1_371' title='bbox 500 2541 715 2586; x_wconf 72' lang='lat' dir='ltr'>quibusdam</span> <span class='ocrx_word' id='word_1_372' title='bbox 753 2543 875 2574; x_wconf 85' lang='lat' dir='ltr'>amicis</span> <span class='ocrx_word' id='word_1_373' title='bbox 906 2543 951 2575; x_wconf 85' lang='lat' dir='ltr'>ad</span> <span class='ocrx_word' id='word_1_374' title='bbox 985 2543 1088 2575; x_wconf 90' lang='lat' dir='ltr'>illum</span> <span class='ocrx_word' id='word_1_375' title='bbox 1122 2553 1185 2588; x_wconf 90' lang='lat' dir='ltr'>pro</span> <span class='ocrx_word' id='word_1_376' title='bbox 1218 2541 1342 2585; x_wconf 86' lang='lat' dir='ltr'>legatis</span> <span class='ocrx_word' id='word_1_377' title='bbox 1375 2541 1450 2580; x_wconf 89' lang='lat' dir='ltr'>usi,</span> <span class='ocrx_word' id='word_1_378' title='bbox 1486 2537 1677 2583; x_wconf 72' lang='lat' dir='ltr'>rogabant,</span> 
     </span>
     <span class='ocr_line' id='line_1_43' title="bbox 255 2583 1682 2634; baseline -0.001 -16"><span class='ocrx_word' id='word_1_379' title='bbox 255 2592 297 2619; x_wconf 88' lang='lat' dir='ltr'>ut</span> <span class='ocrx_word' id='word_1_380' title='bbox 322 2587 408 2620; x_wconf 86' lang='lat' dir='ltr'>talia</span> <span class='ocrx_word' id='word_1_381' title='bbox 433 2592 468 2620; x_wconf 88' lang='lat' dir='ltr'>et</span> <span class='ocrx_word' id='word_1_382' title='bbox 492 2589 626 2621; x_wconf 86' lang='lat' dir='ltr'>sentire</span> <span class='ocrx_word' id='word_1_383' title='bbox 651 2593 687 2621; x_wconf 88' lang='lat' dir='ltr'>et</span> <span class='ocrx_word' id='word_1_384' title='bbox 712 2589 813 2633; x_wconf 86' lang='lat' dir='ltr'>loqui</span> <span class='ocrx_word' id='word_1_385' title='bbox 838 2589 1005 2622; x_wconf 78' lang='lat' dir='ltr'>adversus</span> <span class='ocrx_word' id='word_1_386' title='bbox 1030 2589 1253 2634; x_wconf 82' lang='lat' dir='ltr'>quiescentes</span> <span class='ocrx_word' id='word_1_387' title='bbox 1280 2588 1353 2620; x_wconf 88' lang='lat' dir='ltr'>sive</span> <span class='ocrx_word' id='word_1_388' title='bbox 1380 2585 1558 2619; x_wconf 77' lang='lat' dir='ltr'>solitarios</span> <span class='ocrx_word' id='word_1_389' title='bbox 1583 2583 1682 2617; x_wconf 85' lang='lat' dir='ltr'>desi-</span> 
     </span>
     <span class='ocr_line' id='line_1_44' title="bbox 254 2629 1682 2679; baseline -0.001 -14"><span class='ocrx_word' id='word_1_390' title='bbox 254 2638 376 2672; x_wconf 82' lang='lat' dir='ltr'>neret,</span> <span class='ocrx_word' id='word_1_391' title='bbox 401 2639 439 2666; x_wconf 89' lang='lat' dir='ltr'>et</span> <span class='ocrx_word' id='word_1_392' title='bbox 462 2645 510 2667; x_wconf 88' lang='lat' dir='ltr'>ne</span> <span class='ocrx_word' id='word_1_393' title='bbox 532 2639 678 2678; x_wconf 80' lang='lat' dir='ltr'>propter</span> <span class='ocrx_word' id='word_1_394' title='bbox 699 2635 805 2667; x_wconf 87' lang='lat' dir='ltr'>unius</span> <span class='ocrx_word' id='word_1_395' title='bbox 829 2636 1046 2679; x_wconf 84' lang='lat' dir='ltr'>imperitiam</span> <span class='ocrx_word' id='word_1_396' title='bbox 1071 2645 1191 2668; x_wconf 80' lang='lat' dir='ltr'>omnes</span> <span class='ocrx_word' id='word_1_397' title='bbox 1217 2633 1420 2674; x_wconf 83' lang='lat' dir='ltr'>damnaret,</span> <span class='ocrx_word' id='word_1_398' title='bbox 1444 2630 1613 2677; x_wconf 83' lang='lat' dir='ltr'>quodque</span> <span class='ocrx_word' id='word_1_399' title='bbox 1636 2629 1682 2663; x_wconf 84' lang='lat' dir='ltr'>ad</span> 
     </span>
     <span class='ocr_line' id='line_1_45' title="bbox 253 2677 1680 2727; baseline 0 -17"><span class='ocrx_word' id='word_1_400' title='bbox 253 2678 369 2723; x_wconf 87' lang='lat' dir='ltr'>ipsum</span> <span class='ocrx_word' id='word_1_401' title='bbox 390 2681 587 2723; x_wconf 70' lang='lat' dir='ltr'>attineret,</span> <span class='ocrx_word' id='word_1_402' title='bbox 612 2690 776 2726; x_wconf 81' lang='lat' dir='ltr'>supremo</span> <span class='ocrx_word' id='word_1_403' title='bbox 801 2693 841 2714; x_wconf 84' lang='lat' dir='ltr'>ac</span> <span class='ocrx_word' id='word_1_404' title='bbox 863 2682 1121 2727; x_wconf 83' lang='lat' dir='ltr'>perfectissimo</span> <span class='ocrx_word' id='word_1_405' title='bbox 1146 2681 1238 2716; x_wconf 87' lang='lat' dir='ltr'>vitae</span> <span class='ocrx_word' id='word_1_406' title='bbox 1262 2690 1390 2725; x_wconf 81' lang='lat' dir='ltr'>genere</span> <span class='ocrx_word' id='word_1_407' title='bbox 1414 2678 1578 2712; x_wconf 83' lang='lat' dir='ltr'>homines</span> <span class='ocrx_word' id='word_1_408' title='bbox 1601 2677 1680 2722; x_wconf 77' lang='lat' dir='ltr'>pri-</span> 
     </span>
    </p>
   </div>
  </div>
 </body>
</html>
