1852 3146
387 106 496 180 276
786 133 791 138 -
912 112 1274 156 CANTAcanm

191 219 430 267 A.c.1328025
465 219 590 274 μόνον
622 217 697 258 οὔκ
722 212 959 267 ἐπείθοντο,
988 211 1094 255 ἄλλα
1123 214 1207 269 ,καί
1244 210 1326 254 τῶν
1361 203 1636 266 σκεύοφόροον·
1662 199 1796 268 ’ᾃὸτοῧ

379 302 469 329 τινα
505 281 721 339 ἀφείλοντο
763 278 835 322 τὸν
872 278 1016 331 ἵππον,
1052 275 1154 334 ἔργῳ
1179 275 1439 324 διδάσκοντες
1465 273 1523 322 ὥς
1549 273 1589 314 εἰ
1610 267 1799 328 μὴμοῖγαὲυ

373 354 486 408 πρὶη,
522 347 780 403 χωρήσοντες
806 343 879 386 καὶ
920 345 1010 384 κατ’
1038 338 1189 383 αὗτοῦ.
1224 337 1251 395 ἦ
1277 355 1320 382 τε
1347 337 1466 395 λοιπὴ
1494 335 1638 380 ἅπασα
1675 351 1801 392 στρα.»

255 431 289 464 Ρ,
301 429 366 467 170
376 414 443 459 τιὰ
482 414 553 453 καί
593 410 632 453 οἱ
677 412 721 452 ἔκ
746 411 828 451 τῶν
856 404 1056 463 ἑσπερίων
1082 404 1237 447 πόλεων
1271 401 1470 460 παρόντες
1496 402 1688 454 δυνατοὶ,
1715 401 1812 460 τῶν.

378 478 579 535 βασιλέως
625 471 878 531 πραγμάτων
924 467 1003 536 ἤδη
1046 470 1238 527 φανερῶν
1274 467 1568 524 γεγενημένων,
1615 462 1824 521 ἐκλιπόν-5

377 535 444 593 τες
481 539 578 590 τοὺς
614 537 892 596 στρατηγούς,
926 535 1071 586 πάντες
1109 531 1241 590 ἦλθον
1268 533 1324 581 ὥς
1356 531 1502 574 αὐτόν.
1539 528 1678 580 δείσας
1704 531 1752 571 δὲ
1778 524 1800 569 ὅ

377 603 747 665 πρωτοβεστιάριος
782 605 842 651 εἷς
871 600 1047 657 Ἀχρίδα
1085 602 1245 652 ἐλθεῖν,
1296 598 1403 653 (ἐκεῖ
1437 595 1526 652 γὰρ’
1542 591 1595 652 ἦν
1621 595 1801 638 καταθέ-

377 688 499 727 μενος
539 669 614 725 τὴν
648 672 823 723 γυναῖκα
849 666 920 708 καί
952 663 1000 708 τὰ
1030 666 1202 721 τέκνα,)
1247 659 1313 704 ὅτε
1341 658 1441 703 κατὰ
1474 661 1676 715 βασιλέως
1713 653 1802 710 ἅμα

378 740 436 794 τῷ
466 732 740 792 στρατεύματι
784 732 958 788 ἐχώρει,
988 726 1076 783 ἅμα
1104 727 1279 788 δεσπότῃ
1319 725 1391 768 καί
1419 730 1503 775 τοῖς
1543 728 1715 776 λοιποῖς,
1743 723 1802 770 εἰς

379 801 623 856 πεντήκοντα
662 799 734 839 καί
776 792 918 838 ἑκατὸν
955 789 1088 847 ὄντες,
1115 790 1333 848 ἐχώρησαν
1378 788 1483 846 πρὸς
1518 787 1693 846 Κράλην
1728 785 1852 828 τὸνΙΟ

379 861 559 921 ἄρχοντα
598 863 678 904 τῶν
712 861 944 917 Τριβαλῶν.
993 861 1167 914 Φεραῖοι
1194 858 1264 909 δὲ,
1294 851 1385 897 ὅσοι
1422 849 1529 909 ἦσαν
1563 853 1609 894 ἐκ
1634 853 1801 902 Βυζαν-

378 929 468 972 τίου
497 927 670 983 δεσπότῃ
698 924 769 967 καὶ
792 929 876 973 τοῖς
912 919 1050 972 ἄλλοις
1076 921 1268 975 ἑπόμενοι
1292 922 1546 975 στρατηγοῖς,
1573 917 1667 959 ἐπεὶ
1697 914 1801 957 §asl-

343 1008 502 1041 Βποντο
533 994 623 1034 ἐκεῖ
643 987 979 1046 ἀναχωρούντων,
1019 987 1152 1029 πάντα
1180 984 1411 1039 συσχόντες,
1437 981 1487 1026 τὰ
1516 977 1616 1024 ὄντα
1640 981 1720 1035 μὲν
1737 982 1798 1021 δι’·

376 1058 569 1115 ἥρπασαν
597 1052 762 1108 αὐτοῖς,
802 1051 951 1101 αὖτοὺς
978 1054 1024 1094 δὲ
1050 1050 1129 1093 ὕπὸ
1161 1053 1325 1104 δεσμοῖς
1352 1044 1505 1104 ἤγαγον
1530 1045 1588 1097 ὥς
1613 1044 1801 1101 βασιλέα.

377 1119 573 1177 βασιλεὺς
614 1121 660 1162 δὲ
712 1119 803 1161 ἐπεὶ
838 1117 1025 1159 ἐδέδοκτο
1048 1115 1142 1171 ’τὴν
1182 1116 1253 1157 ἐπὶ
1289 1109 1487 1156 Ἔδεσσαν
1523 1112 1650 1164 ἴέναι,
1690 1109 1852 1160 ἐξελ-15

378 1185 469 1228 θῶν
499 1183 812 1238 Θεσσαλονίκης,
841 1183 1075 1238 δευτεραῖος
1101 1177 1228 1235 ἦλθεν
1255 1175 1461 1228 εἶς-«αὕτα.
1498 1175 1537 1219 οἱ
1560 1173 1804 1230 Ἐδεσσητοί

380 1252 427 1293 δὲ
454 1247 686 1299 ἐξελθόντες
712 1249 928 1302 πανδημεῖ,
955 1243 1263 1302 προσεκύνησαν
1288 1258 1335 1284 ’τε
1361 1243 1534 1296 βασιλέα
1561 1241 1635 1283 καί
1657 1237 1803 1281 ’τὸ-’πό-

377 1318 505 1367 λισμα
532 1313 787 1368 παρέδοσαν.
837 1310 889 1353 τὰ
913 1311 990 1364 μὲν
1019 1305 1092 1351 οὖν
1119 1304 1224 1350 ἄλλα
1266 1303 1292 1364 ᾗ
1319 1307 1428 1363 αὐτῷ
1456 1305 1587 1347 ἐδόκει
1613 1303 1749 1362 διῴκει
1777 1296 1799 1342 oe

381 1377 600 1433 βασιλεύς·
655 1373 732 1418 ὅσα
759 1377 805 1418 δὲ
841 1370 890 1430 ἦν
918 1370 1071 1416 αὐτόθι
1095 1371 1291 1429 χρήματα
1321 1371 1493 1428 δεσπότῃ
1521 1370 1593 1411 καὶ
1617 1373 1703 1417 τοῖς
1729 1360 1802 1408 ἅλ’-

379 1447 467 1492 λοις
493 1446 756 1497 στρατηγοῖς,
796 1437 825 1481 ἃ
849 1442 927 1493 μὲν
955 1436 1004 1481 ἂν
1031 1434 1057 1495 ᾗ
1083 1437 1173 1480 ἴδια
1201 1442 1292 1485 ταῖς
1318 1437 1501 1490 γυναιξί,
1542 1434 1660 1476 ταῦτ’
1687 1431 1852 1486 ἔχειτΩό

377 1507 622 1563 προσέταξεν
649 1504 800 1557 αὐτὰς,
848 1502 920 1545 καί
941 1505 1099 1558 μηδένα
1126 1503 1280 1543 ἀδικεῖν
1290 1534 1302 1553 ,
1361 1498 1389 1541 ἃ
1417 1501 1456 1541 δ’
1485 1494 1536 1541 ἂν
1562 1493 1592 1555 ᾗ
1619 1499 1701 1540 τῶν
1729 1493 1802 1538 οἷν-

378 1573 500 1627 δρῶν,
528 1570 643 1628 αὐτῷ
670 1570 919 1624 μηννθῆναι,
947 1568 1005 1617 ὥς
1033 1562 1083 1609 ἂν
1110 1565 1237 1615 αὐτὸς
1265 1565 1417 1621 διαγνῷ
1445 1564 1540 1619 περὶ
1568 1559 1727 1604 αὖτῶν.
1756 1558 1802 1602 αἱ

374 1638 465 1688 μὲν
479 1630 551 1676 οὖν
579 1630 703 1676 ἄλλαι
726 1632 776 1675 τά
807 1632 896 1675 ἴδια
922 1631 1208 1685 μεμηνύκεσαν
1233 1631 1303 1671 καί
1327 1627 1380 1670 τά
1408 1630 1490 1670 τῶν
1517 1625 1693 1683 ἀνδρῶν,
1719 1629 1800 1680 βα-

338 1702 542 1745 οσίλισσα
571 1699 616 1739 δὲ
644 1698 669 1752 ἦ
698 1699 771 1739 τοῦ
799 1695 998 1738 δεσπότου
1027 1693 1203 1749 γαμετὴ,
1233 1693 1406 1734 δείσασα
1433 1689 1493 1748 μὴ
1521 1690 1572 1734 τὰ
1600 1690 1798 1746 χρήματα

375 1760 653 1818 ἀφαιρεθείη,
693 1759 809 1815 ὀλίγα
834 1762 912 1813 μὲν
938 1760 982 1800 ἐκ
1010 1760 1093 1799 τῶν
1121 1756 1286 1798 ἐνόντων
1327 1753 1492 1809 ἐποίησε
1519 1752 1707 1811 φανερὰ,
1743 1749 1852 1795 τά25

376 1866 477 1906 rapta
489 1871 698 1904 recuperare
713 1858 958 1897 contenderet,
972 1868 1045 1890 non
1055 1850 1160 1890 modo
1170 1867 1244 1890 non
1257 1859 1451 1896 cesserunt,
1469 1851 1532 1888 sed
1543 1851 1682 1888 cuidam
1691 1862 1798 1898 prae-

376 1914 475 1941 terea
498 1908 575 1939 eius
597 1907 714 1939 caloni
734 1916 868 1951 equum
894 1905 1123 1937 sarcinarium
1147 1903 1392 1943 abstulerunt3
1415 1901 1507 1934 sacto
1529 1905 1727 1940 monentes,
1758 1900 1798 1932 ni

375 1954 465 1987 boni
496 1952 708 1992 consuleret,
741 1962 779 1983 se
806 1951 1079 1993 illumquoque
1102 1950 1295 1982 invasuros.
1328 1947 1478 1992 Reliqua
1507 1946 1654 1991 insuper
1682 1946 1797 1990 copia,

376 1999 513 2044 quique
537 2009 579 2030 ex
600 1996 880 2031 occidentalibus
902 1995 1043 2039 oppidis
1061 1995 1223 2040 opulenti
1239 1999 1275 2027 et
1292 1994 1447 2026 illustres
1469 1991 1630 2031 aderant,
1655 1991 1797 2024 fortuna

376 2044 602 2088 imperatoris
630 2045 700 2076 iam
722 2043 933 2086 conspicua,
958 2042 1126 2081 universi,
1148 2041 1296 2074 desertis
1320 2039 1469 2072 ducibus
1479 2061 1493 2079 ‚-
1513 2038 1558 2071 ad
1584 2039 1661 2071 eius
1681 2038 1797 2070 ratio-

377 2101 440 2122 nes
476 2101 514 2122 se
543 2089 798 2134 adiungebant,
856 2088 1149 2120 protovestiarius
1188 2085 1381 2120 formidans
1409 2084 1598 2118 Aehridem
1626 2083 1696 2123 ire,
1731 2081 1798 2115 uhi
1832 2084 1834 2087 ’

377 2146 525 2167 uxorem
550 2146 631 2168 cum
653 2134 814 2179 prolibus
841 2133 1073 2176 deposuerat,
1099 2132 1241 2177 quando
1270 2132 1463 2165 exercitum
1485 2131 1651 2164 adversus
1679 2129 1795 2172 impe-

377 2186 530 2214 ratorem
551 2180 724 2220 ducebat,
748 2180 834 2212 item
854 2177 1002 2223 despota
1019 2179 1196 2223 ceterique
1225 2177 1271 2211 ad
1291 2177 1429 2210 Cralem
1451 2176 1678 2210 Tribalorum
1695 2174 1796 2218 prin-

379 2227 496 2271 cipem
529 2226 784 2264 discesserunt,
830 2235 975 2257 numero
1009 2225 1265 2270 quinquaginta
1297 2233 1405 2266 supra
1431 2228 1585 2256 centum.
1651 2219 1796 2253 Pheraei

378 2278 498 2305 autem
533 2272 737 2316 quicunque
762 2271 930 2313 Byzantio
969 2270 1152 2313 despotam
1181 2271 1341 2315 aliosque
1371 2268 1477 2302 duces
1501 2267 1611 2301 secuti
1639 2266 1792 2304 fuerant,

379 2329 458 2351 cum
495 2317 539 2349 ab
564 2318 643 2350 aliis
679 2317 733 2350 ibi
769 2316 984 2349 abeuntibus
1020 2315 1287 2355 desererentur,
1327 2314 1591 2357 comprehensis
1627 2310 1795 2343 omnibus

378 2375 419 2396 ac
440 2362 668 2407 despoliatis,
695 2362 740 2395 ad
755 2363 1002 2406 imperatorem
1025 2374 1083 2395 eos
1102 2363 1140 2395 in
1159 2361 1311 2394 vinculis
1330 2359 1571 2400 adduxerunt3
1595 2358 1657 2402 qui
1683 2356 1798 2390 Thes—

379 2409 534 2442 salonica
557 2420 737 2453 egressus,
760 2408 946 2452 postridie,
975 2413 1015 2440 ut
1034 2407 1259 2445 decreverat,
1284 2406 1451 2439 Edessam
1474 2405 1591 2444 venit3
1617 2403 1675 2435 cui
1697 2407 1796 2434 extra

376 2461 516 2499 portam
539 2454 680 2487 obviam
698 2453 930 2498 procedentes
954 2454 1093 2486 incolae
1111 2463 1268 2497 eumque·
1292 2452 1497 2491 adorantes,
1532 2449 1658 2483 urbem
1692 2447 1796 2480 ‹ledi-

378 2500 517 2533 dcrunt.
564 2500 614 2533 Ac
635 2505 752 2533 cetera
774 2499 918 2544 quidem
939 2511 1009 2545 qua
1038 2500 1093 2532 illi
1120 2499 1259 2531 ratione
1289 2497 1490 2530 collibitum
1517 2501 1590 2535 est,
1614 2494 1791 2527 instituit:

379 2546 423 2579 de
444 2546 548 2578 rebus
573 2549 688 2580 autem
711 2545 879 2589 despotae
902 2550 938 2578 et
963 2544 1093 2578 ducum
1127 2549 1342 2583 ceterorum,
1372 2553 1464 2588 quae
1494 2545 1612 2575 essent
1643 2550 1794 2572 uxorum

377 2592 564 2634 propriae,
587 2592 644 2625 eas
664 2592 736 2624 illis
761 2591 849 2623 citra
868 2592 1038 2623 iniuriam
1066 2590 1199 2623 dimitti
1227 2590 1349 2622 iussit:
1374 2599 1464 2633 quae
1489 2593 1608 2620 nutem
1626 2587 1793 2624 virorum,

380 2637 424 2669 ad
445 2648 481 2669 se
501 2637 643 2677 referri,
668 2642 708 2670 ut
731 2637 776 2670 de
798 2637 842 2669 iis
863 2638 942 2681 ipse
978 2637 1193 2669 decerneret.
1241 2635 1342 2668 Aliae
1374 2635 1483 2678 igitur
1506 2632 1638 2670 omnia,
1670 2631 1791 2674 regina

334 2695 337 2703 “
380 2682 548 2727 despotae
577 2684 706 2716 coniux
741 2683 870 2723 verita,
897 2693 943 2715 ne
976 2682 1192 2726 privaretur,
1226 2691 1338 2725 pauca
1359 2680 1403 2714 de
1433 2690 1568 2714 summa
1603 2675 1790 2716 indicavit,
