1832 3138
306 89 407 157 142
821 105 1201 149 cmrAcuzmi

99 210 181 251 ΑΒ.
198 211 285 247 1322
295 206 590 250 ἀπελθόντων·
628 203 668 249 οἷ
684 204 806 258 πεζοὶ
827 206 876 249 δὲ
897 204 1005 262 πλὴν
1022 205 1170 262 ὀλίγων
1195 203 1374 260 ἅπαντες
1397 209 1555 252 εἴλοντο
1568 194 1752 254 'coslun'-

294 288 357 314 ειν
381 272 439 327 τῷ
460 273 650 324 βασιλεῖ.
688 267 752 320 οἶς
774 270 848 313 καί
867 270 1024 324 μισθὸν
1050 271 1215 327 ἐτήσιον
1242 273 1394 327 τάξας,
1432 275 1639 332 ἐνέγραψε
1663 280 1754 326 τοῖς

295 338 497 384 οἰκέταις·
532 334 630 386 τούς
653 337 691 378 δ’
710 334 972 386 ἀπελθόντας
990 337 1206 394 ἑφωδίασε
1229 341 1419 398 χρυσίῳ.
1468 339 1578 396 ὁρῶν
1603 341 1650 383 δὲ
1673 339 1749 384 τὸν

296 396 421 443 ἄλλον
461 396 608 454 ὅμιλον
642 403 726 445 τῶν
756 402 965 458 Ἁπράον,
1019 397 1176 459 ἄνδρας
1207 403 1314 456 ὁμοῦ
1352 405 1425 447 καί
1454 411 1655 459 γυναῖκας
1677 404 1753 448 καὶ

298 467 454 515 παῖδας
486 465 670 521 γυμνούς
701 469 775 509 καί
813 467 999 524 ἀπόρους
1035 466 1271 524 περιϊόντας
1307 470 1380 511 καὶ
1409 469 1776 527 ὄλοφυρομένουςό

306 529 386 587 τὴν
406 529 681 588 ἀποστέρησιν
709 534 793 576 τῶν
811 527 938 575 ὄντων
951 566 964 586 ,
1008 532 1108 584 τοὺς
1127 533 1308 588 λογάδας
1329 537 1403 590 τῆς
1427 537 1624 591 στρατιᾶς
1647 537 1756 581 πάν-

260 603 379 647 Βτας
401 595 476 638 καί
504 595 601 648 τούς
624 599 668 640 ἐν
694 600 805 640 τέλει
843 596 1102 653 συναγαγών,
1138 597 1330 651 ,,δίκαιόν
1350 601 1488 643 §anfi
1516 599 1600 657 ἔφη
1622 605 1754 655 „noz-

298 665 387 712 λοῖς
415 664 488 704 καί
511 661 706 718 μεγάλοις
731 663 914 720 σήμερον
941 660 1251 720 εὖηργετηκότος
1283 663 1398 719 ἡμᾶς
1419 666 1644 720 τοῦ-θεοῦ,
1681 667 1758 709 καὶ

297 724 460 778 ,αύτούς
484 724 624 779 ἀξίους
645 731 719 784 τῆς
748 729 988 784 εὐεργεσίας
1010 730 1218 786 φανῆναι.
1275 727 1322 770 τὸ
1345 729 1424 786 γὰρ
1449 730 1556 787 μήτε
1581 729 1658 788 τήν
1685 733 1756 786 ἔγ·-

301 796 572 836 καθεστῶσαν
594 793 750 850 πολλήν
778 810 822 837 τε
853 795 926 836 καὶ
948 793 1183 848 ἀξιόμαχον
1217 789 1351 837 οὖσαν
1379 794 1605 852 στρατιὰν,
1645 797 1807 853 μήτειο

299 856 379 913 τήν
402 857 640 914 ἀσφάλειαν
667 858 740 901 καί
759 857 805 909 τὸ
827 855 938 913 ῧψος
962 860 1044 901 τῶν
1066 861 1243 913 τειχῶν,
1268 858 1367 915 μήτ’
1397 854 1499 902 ἄλλο
1516 862 1754 918 μηδὲν,ἒμ-

299 920 449 966 πόδιον
475 923 577 979 ἡμῖν
601 926 799 979 γενέσθαι
820 922 926 979 πρὸς
952 921 998 966 τὸ
1018 922 1078 980 μὴ
1100 922 1195 975 τούς
1231 923 1449 975 αὐθάδειςἸ
1465 927 1662 970 τουτουσὶ
1692 942 1756 970 τι-
1816 956 1818 958 >

299 988 582 1045 μωρήσασθαι
615 990 688 1031 καί
712 987 939 1046 ὑβριστάς,
982 989 1058 1031 οὐκ
1092 984 1221 1032 ἄλλον
1244 988 1358 1041 τινὸς
1379 986 1407 1047 ἢ
1429 993 1502 1047 τῆς
1525 992 1602 1035 τοῦ
1622 993 1757 1049 κρειτ-

255 1069 259 1075 ·
303 1070 420 1104 τονος
449 1055 689 1111 εὕεργεσίας
711 1050 764 1097 ἄν
786 1071 849 1104 τις
873 1054 1079 1109 λογίζοιτο
1101 1055 1293 1105 δικαίως·
1320 1054 1366 1098 τὸ
1392 1058 1434 1098 δ’
1460 1053 1590 1107 αὖθις
1612 1053 1757 1104 ὄνοῦ-

302 1137 363 1162 τω
384 1121 574 1178 ’καρτερᾷ
598 1123 851 1179 τειχομαχίᾳ
889 1124 961 1164 καί
982 1120 1135 1163 ἁλώσει
1161 1120 1317 1171 πόλεως
1348 1119 1453 1178 μήτε
1475 1122 1595 1179 ἧμῶν
1624 1122 1810 1176 τινὰς,15

298 1182 406 1242 ὅπερ
431 1181 482 1241 ἦν
505 1184 628 1239 εἰκὸς,
658 1186 902 1240 ἀποθανεῖν,
929 1185 1036 1243 μήτε
1057 1188 1141 1229 τῶν
1167 1183 1408 1230 ἑαλωκότων
1440 1183 1760 1239 ἀποκτείναντας

304 1248 537 1308 ὁμοφύλοις
560 1252 714 1305 αἵμασι
735 1253 996 1307 χρανθῆναι,
1024 1253 1096 1307 τῆς
1119 1253 1273 1307 πολλῆς
1303 1252 1401 1310 περὶ
1420 1254 1535 1308 ἡμᾶς
1559 1253 1758 1310 προνοίας

300 1319 377 1360 καί
403 1318 650 1373 κηδεμονίας
694 1319 769 1359 τοῦ
795 1319 920 1359 θεοῦ.
955 1315 1040 1374 χρὴ
1072 1319 1298 1374 τοιγαροῦν
1326 1317 1402 1360 καί
1431 1319 1544 1374 ἡμᾶς
1560 1317 1757 1374 νικήσαν-

199 1390 293 1432 Ρ.89
305 1401 380 1433 τας
407 1384 730 1439 ἑπικαμφθῆναι
765 1389 859 1432 ταῖς
879 1389 1120 1439 συμφοραῖς
1139 1385 1221 1425 τῶν
1266 1383 1588 1440 ἀτυχησάντων,
1632 1383 1758 1441 (πρὸς

304 1451 386 1504 μὲν
418 1446 499 1506 γάρ
529 1448 624 1498 τούς
657 1447 903 1505 βαρβάρους
933 1443 1036 1505 ἄχρι
1063 1447 1217 1499 παντὸς
1235 1453 1430 1503 πολεμεῖν
1468 1451 1544 1492 δεῖ·
1571 1448 1675 1506 πρὸς
1705 1451 1809 1493 δὲΞο

305 1513 403 1564 τοὺς
421 1512 666 1570 ὁμοφύλους
686 1508 788 1569 ἄχρι
812 1516 890 1555 τοῦ
911 1513 1183 1571 κρείττονος,)
1211 1516 1284 1556 καί
1303 1515 1557 1568 μεταδοῦναι
1583 1516 1756 1558 ἕκαστον

306 1580 354 1621 ἐκ
379 1581 463 1622 τῶν
484 1580 687 1635 λαφύρων
709 1582 808 1621 καθ’
843 1575 939 1620 ὅσον
965 1573 1018 1621 ἂν
1035 1577 1195 1634 αἱροῖτο
1215 1584 1303 1629 τοῖς
1331 1579 1629 1633 αἰχμαλώτοις.
1658 1581 1755 1636 τρία

306 1640 386 1701 γὰρ
421 1644 472 1687 τὰ
504 1646 679 1698 μέγιστα
699 1645 960 1700 κερδανεῖτε·
997 1642 1099 1686 θεόν
1126 1659 1172 1685 τε
1201 1644 1323 1686 ἵλεων
1343 1642 1508 1694 ἑαυτοῖς
1536 1661 1759 1702 προπαρα-

307 1710 632 1764 σκευασάμενοι,
668 1707 742 1752 τὸν
764 1709 822 1759 εἰς
846 1707 946 1759 τούς
972 1704 1232 1763 ἀτυχοῦντας
1253 1707 1370 1752 ἔλεον
1390 1701 1668 1764 οἰκειούμενον
1684 1709 1760 1753 καὶ

307 1828 406 1858 creto
444 1822 652 1868 stipendio,
688 1822 728 1855 in
764 1821 888 1855 album
920 1832 1068 1854 suorum
1102 1821 1254 1863 retulit,
1290 1825 1327 1856 et
1364 1821 1636 1858 discedentibus
1671 1822 1754 1857 alfia

308 1882 436 1903 aurum
460 1870 500 1903 in
527 1871 698 1902 viaticum
723 1868 890 1902 contulit.
940 1867 1031 1900 Cum
1056 1873 1176 1901 autem
1204 1869 1431 1913 conspiceret
1462 1870 1653 1914 Api-iorum
1674 1874 1754 1903 tur-

307 1917 392 1950 bam
415 1917 510 1949 viros
527 1916 635 1949 simul
658 1927 698 1948 ac
721 1915 904 1955 mulieres,
930 1915 1018 1947 item
1042 1924 1172 1958 pueros
1196 1925 1312 1959 paene
1337 1914 1465 1956 nudos,
1495 1917 1655 1949 omnium
1669 1926 1754 1961 ege-

306 1975 374 1998 nos
401 1962 644 2002 ambulantes,
671 1972 782 2006 seque
807 1961 914 1994 bonis
941 1961 1015 1993 suis
1042 1959 1262 2005 despoliatos
1295 1961 1559 2003 lamentantes,
1597 1961 1752 1996 ducibus

308 2016 348 2044 et
369 2009 559 2043 nobilibus
590 2008 791 2041 advocatis:
829 2009 965 2040 Iustum
991 2011 1068 2046 est,
1104 2007 1248 2051 inquit,
1283 2019 1362 2042 cum
1398 2007 1577 2042 hodierno
1602 2008 1662 2042 die
1695 2013 1754 2042 tot

309 2062 349 2090 et
378 2061 451 2089 tam
490 2054 694 2099 insignibus
726 2066 747 2087 a
779 2054 856 2087 Deo
889 2053 1078 2086 beneficiis
1112 2054 1229 2086 ornati
1260 2054 1391 2095 simus,
1429 2060 1471 2088 ut
1494 2055 1624 2088 iisdem
1650 2055 1754 2100 digni

307 2102 508 2137 videamur.
555 2102 702 2134 Etenim
734 2100 833 2145 quod
859 2110 980 2144 neque
1005 2105 1077 2132 tam
1108 2110 1234 2145 magna
1277 2106 1314 2134 et
1342 2106 1465 2135 nostro
1490 2101 1601 2136 Marti
1626 2102 1753 2135 confe-

309 2148 422 2182 renda
447 2159 573 2181 manus
598 2149 718 2187 intus,
757 2156 877 2191 neque
902 2151 975 2178 tam
1011 2146 1084 2178 alta
1120 2157 1161 2179 ac
1189 2151 1267 2180 tuta
1291 2149 1456 2189 moenia,
1490 2158 1611 2194 neque
1649 2147 1751 2182 aliud

311 2194 513 2241 quidquam
539 2194 801 2238 impedimento
829 2191 935 2225 nobis
962 2192 1055 2232 fuit,
1089 2204 1162 2237 quo
1198 2194 1318 2226 minus
1353 2200 1559 2239 arrogantes
1593 2195 1681 2228 istos
1716 2199 1755 2228 et

309 2241 497 2287 proter'vos
524 2241 800 2279 ulcisceremur,
840 2238 977 2271 nullius
1005 2238 1078 2271 nisi
1109 2238 1225 2273 divini
1250 2241 1410 2274 numinis
1433 2241 1649 2274 liberalitati
1673 2242 1753 2275 iure

309 2286 547 2322 tribuendum
571 2292 635 2320 est.
673 2287 806 2319 Rursus
833 2285 871 2317 in
895 2289 967 2318 tam
992 2285 1125 2318 infesta
1160 2288 1430 2330 oppugnatione
1458 2293 1495 2321 et
1520 2287 1620 2320 urbis
1645 2299 1754 2320 occu-

309 2334 461 2381 patione
484 2339 646 2367 nostrum
671 2342 791 2377 neque
817 2342 1054 2377 quemquam,
1085 2336 1128 2364 ut
1150 2338 1430 2366 consentaneum
1454 2339 1541 2374 erat,
1566 2332 1753 2377 cecidisse,

309 2391 431 2427 neque
454 2391 520 2426 per
546 2379 694 2413 caedem
725 2379 836 2411 ullius
866 2378 1089 2422 captivorum
1122 2379 1220 2412 civili
1252 2380 1426 2425 sanguine
1456 2381 1636 2424 pollutum
1661 2391 1752 2422 esse,

311 2427 489 2474 egregiam
526 2438 607 2471 erga
637 2437 702 2458 nos
746 2425 816 2458 Dei
851 2423 1116 2468 providentiam
1149 2436 1340 2470 curamque
1377 2426 1566 2471 significat.
1623 2427 1752 2472 Itaque

312 2480 351 2509 et
381 2486 447 2508 nos
483 2474 636 2506 victores
667 2472 878 2504 miserorum
911 2471 1173 2504 calamitatibus
1212 2470 1257 2504 ad
1292 2472 1575 2506 misericordiam
1614 2473 1752 2506 inflecti

312 2526 470 2566 oportet,
493 2520 633 2566 (contra
661 2518 829 2551 barbaros
856 2528 941 2550 sane
966 2517 1064 2550 bello
1088 2519 1315 2551 interneciuo
1340 2519 1590 2563 pugnandum:
1626 2525 1751 2553 contra

310 2568 504 2613 populares
527 2571 648 2599 autem
672 2576 787 2609 usque
820 2562 905 2596 dum
930 2563 1079 2610 vincas‚)
1118 2569 1156 2597 et
1188 2575 1270 2608 pars
1303 2563 1349 2597 de
1385 2565 1518 2609 praeda
1548 2565 1698 2609 captivis
1728 2577 1750 2598 a

313 2613 504 2660 quolibet,
531 2616 703 2658 quantam
729 2611 906 2651 voluerit,
938 2610 1164 2643 restituenda
1197 2615 1262 2647 est.
1311 2611 1397 2644 Tria
1430 2613 1527 2645 enim
1553 2611 1650 2644 bona
1672 2622 1752 2644 ma·-

311 2661 410 2693 xima
435 2659 522 2693 hine
542 2658 645 2694 vobis
672 2657 772 2690 lucro
796 2661 1046 2701 apponentur3
1079 2657 1195 2689 Deum
1220 2657 1419 2701 propitium
1442 2657 1650 2699 habebitis,
1685 2657 1750 2704 qui

313 2708 355 2742 in
375 2706 530 2742 afflictos
553 2708 719 2743 navatam
744 2701 1050 2745 misericordiam,
1071 2707 1256 2750 tamquam
1278 2703 1352 2738 sibi
1372 2706 1606 2751 praestitam,
1638 2714 1750 2749 repu-
