1832 3138
244 124 246 127 v
304 91 374 149 58
823 104 1204 148 CANTACUZEM
1249 117 1254 123 ¹

112 219 192 255 ΑΒ.
211 222 290 256 1321
305 207 410 253 άλλοὶ
430 211 503 252 καί
524 205 958 263 αὖτὴνιάφαιρεθῆναι
983 206 1113 263 ζωῆν”
1139 203 1202 248 ὅδ’
1219 202 1396 262 ηὔξατο,
1434 205 1494 264 μὴ
1516 206 1600 258 ζῶν
1619 204 1723 250 metr.

301 273 495 328 τοιαύτην
515 273 687 328 ἡμέραν,
716 273 760 313 ἐν
779 266 805 328 ᾗ
822 270 1039 328 γενήσεταί
1057 287 1123 314 σοι
1141 273 1198 328 τῷ
1215 275 1385 328 βασιλεῖ
1397 272 1470 314 καὶ
1486 273 1545 330 τῷ
1561 269 1720 330 ’πάππῳ

302 337 565 389 δικαζόμενον
591 337 715 378 ἰδεῖν·
745 336 795 378 οὗ
822 335 902 393 γὰρ
933 337 1069 391 δίκης,
1109 337 1327 391 καταδίκης
1354 333 1586 389 δὲμᾶλλόν
1611 337 1722 379 ἐστιν

301 403 454 456 ἀληθὲς
479 399 555 456 τὴν
579 398 739 457 ἡμέραν
765 407 1000 457 προσειπεῖν
1026 399 1193 456 ἐκείνην.
1246 396 1337 449 ἑνὸς
1373 399 1452 458 γάρ’
1491 395 1610 452 ὄντος
1642 402 1721 443 τοῦ

300 464 532 516 δικάζοντος
558 466 630 507 καί
653 467 729 507 τοῦ
757 467 1100 521 κατηγοροῦντος,
1137 465 1260 507 οὐδὲν
1287 460 1387 507 ἄλλο
1413 467 1597 508 λείπεται
1620 464 1746 511 συν-5,

298 527 423 583 άγειν.
479 523 613 578 ἄλλως
638 535 676 571 τ’
703 529 801 571 οὐδὲ
829 531 911 572 τῶν
937 528 1118 585 άνοήτων
1144 528 1165 571 ὅ
1191 529 1413 583 βασιλεὺς,
1458 526 1563 573 ὥσθ)
1583 525 1723 577 ,οὕτως

303 593 611 649 ἀπερισκέπτως
628 594 864 651 ὁρμηθῆναι
887 592 992 651 πρὸς
1007 592 1082 649 τῆν
1102 592 1241 649 δίκην,
1281 594 1340 643 ὥς
1359 596 1431 637 καί
1448 594 1594 651 καιρὸν
1617 593 1723 636 ἄπο-

265 658 442 711 Βλογίας
469 672 535 699 σοι
562 665 814 714 παρασχεῖν,
851 660 924 700 καί
948 654 974 714 ἢ
1001 657 1052 700 τοὶ
1079 659 1316 713 ἐγκλήματα
1344 654 1660 712 ἀπολύσασθαι,
1694 653 1724 713 ἢ

301 724 374 766 καί
395 721 666 776 ἀδικούμενον
684 719 833 766 ἑαυτὸν
855 721 1095 774 ἀποδεῖξαι·
1124 721 1229 765 ἄλλά
1254 724 1432 778 βαθείας
1455 719 1513 766 ὢν
1533 724 1606 766 καί
1625 738 1724 767 σνν-

300 789 418 842 ετῆς,
446 787 504 836 ὥς
524 786 668 842 ἴσμεν,
697 787 869 845 φρενὸς,
898 787 971 832 καὶ
996 787 1128 839 δεινὸς
1159 787 1372 845 πράγμασι
1402 789 1613 844 χρῆσθαι,
1638 787 1776 830 τότίο

302 851 375 894 ἐπὶ
395 855 467 907 τῆς
485 854 598 908 δίκης
624 869 671 895 σε
688 853 953 909 καταστήσει,
997 850 1066 895 δ’τε
1090 851 1195 910 πρὸς
1217 851 1261 895 τὸ
1284 853 1398 910 azius»
1421 853 1567 896 δοκοῦν
1586 850 1723 895 πάντα

301 916 792 972 προκατασκευασάμενος
801 951 814 971 ,
842 915 1013 968 ου’δενός
1033 913 1163 960 ἄλλον
1186 918 1375 972 λείποιτο,
1402 914 1430 973 ἢ
1450 916 1527 973 τὴν
1554 916 1724 973 ἀπόφα-

301 997 370 1023 σιν
395 983 611 1036 ἐξενεγκεῖν
635 979 738 1024 κατά
761 984 840 1025 σοῦ’
852 999 864 1011 ·
902 982 975 1025 καί
997 984 1146 1036 τοῦτο,
1175 983 1243 1026 ἵνα
1271 984 1344 1025 καί
1365 980 1450 1032 τοῖς
1475 980 1554 1033 ἔξω
1582 983 1724 1024 δίκαια

304 1048 442 1101 δοκοίη
468 1052 609 1100 ποιεῖν,
638 1046 695 1097 ὥς
717 1046 789 1089 ἐπὶ
811 1052 898 1099 τοῖς
918 1043 1208 1097 ἀνοσιωτάτοις
1233 1049 1312 1090 σοῦ’
1337 1049 1527 1105 φανερῶς
1543 1043 1726 1089 ἑαλωκό-

303 1127 371 1160 τος
391 1112 462 1153 καί
481 1109 551 1153 διὰ
570 1114 691 1154 τοῦτο
717 1113 886 1162 δικαίως
907 1112 1136 1168 πάσχοντος
1164 1110 1342 1161 ὅτιοῦν.”
1410 1112 1595 1155 Τοιαῦτα
1618 1108 1776 1168 πρὸςιό

302 1173 507 1232 ἇλλήλους
525 1176 793 1232 ὁμιλούντων,
822 1174 949 1229 αὖθις
973 1173 1045 1235 ἧκε
1071 1177 1257 1235 μηνυτὴς
1278 1179 1413 1235 ἕτερος
1441 1178 1487 1220 ἐκ
1507 1177 1725 1232 βασιλέως,

303 1242 564 1285 ἐπισπεύδων
584 1241 657 1298 τήν
679 1246 725 1287 ἐν
743 1244 969 1299 βασιλείοις
991 1239 1133 1301 ἄφιξιν
1154 1245 1213 1301 τῷ
1236 1241 1401 1301 ἕγγόνῳ·
1427 1241 1450 1286 ὅ
1467 1243 1521 1298 δ’,
1550 1241 1621 1299 (οὔ
1642 1239 1724 1297 γὰρ

267 1309 399 1363 (ἲέξῆν
429 1304 577 1363 ἑτέρως
606 1310 752 1366 δρᾷν,)
781 1309 1014 1366 ἀφικνεῖται
1044 1308 1148 1366 πρὸς
1168 1308 1236 1352 τὸν
1264 1309 1439 1363 βασιλέα
1460 1308 1534 1351 καὶ
1545 1307 1726 1360 πάππον,

303 1371 411 1430 λύπῃ
430 1373 558 1429 πολλῇ
581 1371 797 1428 τηκόμενος
815 1373 890 1429 την
918 1374 1060 1429 ψυχὴν
1068 1407 1082 1427 ‚
1131 1372 1201 1416 διὰ
1233 1371 1279 1416 τὸ
1302 1373 1375 1416 τὸν
1401 1374 1533 1428 μέγαν
1565 1369 1724 1413 οἷπόντα

303 1438 546 1490 δομέστικον
582 1437 642 1493 μὴ
681 1437 779 1495 περὶ
812 1441 897 1482 τῶν
930 1438 1144 1495 παρόντων
1172 1437 1389 1494 ἐσχηκέναι
1416 1436 1778 1490 συνδιασκὲψα-αο

302 1505 420 1544 σθαι.
471 1500 601 1551 sti-3134
627 1504 673 1545 δὲ
695 1501 798 1557 μετὰ
825 1502 975 1560 μικρὸν
1007 1502 1080 1545 καὶ
1101 1501 1124 1545 ὅ
1146 1502 1275 1558 μέγας
1303 1504 1539 1556 δομὲοτικος
1563 1496 1660 1558 ἧκεν
1679 1501 1724 1542 ἐν

303 1566 551 1621 βασιλείοις,
588 1568 662 1611 καί
678 1567 750 1611 τὸν
771 1570 850 1622 μὲν
871 1569 1048 1623 βασιλέα
1075 1568 1189 1624 παρὰ
1214 1571 1271 1626 τῷ
1291 1572 1461 1623 βασιλεῖ
1479 1569 1551 1610 καί
1571 1565 1723 1624 πάππῳ

303 1629 422 1673 ἔνδον
449 1628 637 1687 εὕρισκεν
665 1628 784 1687 ὄντα,
829 1633 901 1676 τὸν
938 1632 1284 1690 πρωτοστράτορα
1312 1635 1348 1675 δ”
1377 1631 1455 1686 ἔξω
1483 1632 1725 1688 καθήμενον,

305 1695 378 1739 καί
393 1698 445 1753 τῇ
471 1691 570 1750 ἷίψει
590 1696 666 1753 τήν
683 1697 801 1741 ἔνδον
823 1697 1012 1755 ταραχὴν
1034 1700 1107 1753 τῆς
1127 1697 1301 1755 καρδίας
1328 1699 1402 1741 καὶ
1424 1696 1501 1754 τὴν
1522 1697 1725 1754 φροντίδα

303 1809 377 1831 non
398 1798 548 1843 imperio
571 1803 721 1840 tantum,
746 1810 868 1834 verum
890 1801 998 1835 etiam
1016 1802 1090 1835 vita
1109 1811 1239 1842 carere,
1264 1801 1328 1834 ille
1351 1802 1463 1836 emori
1486 1798 1633 1845 optabat
1655 1809 1726 1844 po-

305 1845 388 1885 tins,
417 1857 521 1890 quam
540 1846 661 1879 videre
680 1846 775 1879 diem
793 1847 916 1888 illum,
952 1859 1022 1893 quo
1044 1853 1084 1881 tu
1109 1847 1245 1880 iudicio
1277 1859 1356 1880 cum
1377 1858 1441 1881 avo
1468 1845 1723 1881 contenderes:

304 1902 378 1926 non
400 1893 495 1924 enim
518 1891 668 1932 iudicii,
704 1893 767 1927 sed
789 1893 1097 1928 condemnationis
1126 1893 1222 1927 diem
1245 1904 1366 1930 revera
1390 1893 1569 1939 appellare
1590 1901 1726 1925 conve—

303 1938 369 1971 nit.
419 1938 508 1971 Cum
538 1939 633 1971 enim
654 1938 750 1972 idem
778 1940 825 1973 sit
852 1940 991 1973 futurus
1018 1940 1147 1980 iudex,
1181 1938 1242 1984 qui
1262 1945 1460 1980 accusator,
1491 1937 1590 1972 aliud
1610 1937 1723 1971 ratio-

305 1984 460 2016 cinando
486 1984 604 2029 colligi
623 1984 729 2017 nihil·
746 1991 874 2029 potest.
923 1987 1107 2020 Praeterea
1130 1997 1203 2019 non
1224 1985 1276 2018 ita
1297 1991 1351 2019 est
1376 1986 1571 2031 insipiens,
1594 1989 1634 2017 ut
1649 1989 1724 2017 tam

305 2029 567 2064 inconsiderate
586 2030 630 2064 ad
653 2031 826 2064 iudicium
853 2033 1008 2072 feratur,
1055 2031 1196 2077 tibique
1220 2037 1359 2077 tempus
1377 2033 1482 2066 etiam
1502 2029 1724 2064 defendendi

305 2075 479 2110 concedat
492 2101 502 2117 ,
528 2088 598 2122 quo
615 2082 677 2110 aut
695 2077 1003 2111 innocentem‘aut
1025 2078 1131 2111 etiam
1151 2078 1283 2111 iniuria
1303 2080 1466 2112 affectum
1482 2083 1521 2111 ‘te
1544 2075 1724 2116 ostendas,

305 2120 369 2154 sed
398 2133 477 2154 cum
511 2124 579 2163 sit,
616 2123 713 2168 quod
738 2125 884 2165 scimus,
910 2125 1105 2170 praestanti
1133 2123 1325 2168 prudentia
1351 2130 1388 2158 et
1413 2135 1530 2158 rerum
1551 2121 1725 2169 gerenda-

305 2179 383 2200 rum
410 2168 558 2202 callidus
571 2193 580 2208 ,
614 2174 691 2202 tum
717 2168 858 2203 demum
877 2171 917 2204 in
938 2170 1115 2204 iudicium
1133 2175 1169 2203 te
1190 2169 1364 2212 adducet,
1402 2169 1544 2217 quando
1571 2170 1648 2204 eiu·
1667 2180 1725 2201 ar-

301 2213 438 2253 bitratu
460 2215 688 2259 praestructis
707 2216 893 2258 omnibus,
923 2228 1035 2251 unum
1057 2216 1126 2250 hoc
1149 2216 1316 2258 restabit,
1339 2221 1391 2250 'ut
1414 2217 1594 2251 sententia
1613 2215 1657 2248 de
1675 2219 1725 2256 te,

303 2265 485 2305 tamquam
510 2261 554 2294 de
573 2262 925 2296 sceleratissimorum
944 2263 1140 2296 facinorum
1159 2263 1365 2307 manifesto,
1390 2269 1427 2296 et
1445 2264 1491 2298 ob
1510 2261 1549 2296 id
1572 2260 1728 2308 quibus—-

301 2307 354 2340 vis
371 2308 558 2353 suppliciis
578 2307 879 2349 excarnificando,
912 2315 953 2343 ut
975 2309 1026 2342 sic
1046 2309 1141 2353 apud
1167 2314 1306 2343 exteros
1331 2310 1438 2343 etiam
1466 2309 1625 2343 iustitiae
1646 2307 1727 2352 opi-

302 2353 451 2394 nionem
479 2354 639 2394 auferat,
675 2356 939 2399 pronuntietur,
996 2355 1093 2389 Haec
1119 2355 1193 2389 illis
1218 2356 1258 2391 in
1283 2357 1464 2401 colloquio
1486 2352 1726 2401 agitantibus,

305 2410 387 2437 ecce
413 2400 504 2435 alius
526 2398 571 2432 ab
594 2400 806 2445 imperatore
835 2401 1035 2446 apparitor,
1070 2403 1132 2447 qui
1153 2407 1321 2447 nepotem
1345 2406 1486 2447 urgeret
1516 2400 1562 2434 ad
1582 2400 1725 2445 regiam.

306 2444 404 2489 Quia
425 2456 506 2490 ergo
532 2445 637 2479 aliter
662 2448 848 2489 nequibat,
877 2459 947 2493 quo
972 2447 1163 2484 vocabatur
1187 2449 1264 2489 ivit,
1292 2450 1404 2482 multa
1427 2449 1554 2493 plenus
1574 2446 1726 2480 moesti—

305 2490 433 2533 tudine
456 2497 603 2536 propter
627 2493 746 2538 magni
769 2493 957 2530 domestici
976 2495 1186 2535 absentiam,
1212 2496 1356 2539 quicum
1383 2495 1532 2528 consilia
1558 2504 1621 2526 sua
1640 2503 1727 2525 con-

303 2537 397 2575 ferre
421 2538 608 2581 potuisset.
657 2539 762 2573 Haud
789 2540 901 2574 multo
934 2546 1017 2585 post
1044 2541 1259 2574 domesticus
1299 2552 1442 2587 quoque
1465 2541 1639 2586 palatium
1664 2540 1726 2572 in-

302 2582 482 2626 greditur,
506 2585 755 2630 iunioremquc
779 2586 1029 2631 imperatorem
1052 2586 1146 2630 apud
1170 2599 1272 2621 avum
1292 2588 1409 2627 intus,
1436 2591 1728 2632 protostratorem

304 2629 390 2662 foris
411 2630 594 2663 sedentem
618 2631 776 2674 invenit,
818 2633 896 2677 ipso
921 2634 1023 2667 vultu
1046 2633 1353 2679 perturbationem
1380 2644 1422 2667 ac
1449 2630 1731 2667 sollicitudinem

302 2676 465 2716 intimam
493 2682 741 2719 ostentantem
791 2679 885 2719 Tum
913 2680 964 2719 sic
987 2691 1072 2719 eum
1106 2680 1311 2731 compellat:
1345 2679 1517 2731 Aspectus
1543 2683 1626 2719 tuus
1651 2687 1729 2716 me*
