1832 3132
314 89 423 162 398
852 103 1219 148 CANTACUZEM

123 212 307 258 A.C.1329
319 202 426 262 ἦσαν
452 204 533 257 ὥς,
575 205 615 246 εἰ
652 201 711 257 μή
751 204 932 246 πείθοιτο
973 203 997 246 ὅ
1031 206 1160 260 μέγας
1198 207 1439 260 δομέστικος
1467 204 1642 264 aaron,
1673 210 1746 254 καὶ

317 268 484 318 ἄκοντος
522 270 567 310 ἐν
606 267 872 325 δεσμωτηρίῳ
899 267 973 311 τὸν
1012 268 1213 325 δεσπότην
1249 271 1577 323 ἀποκτενοῦντες.
1630 271 1666 317 ὃ
1692 272 1741 329 δή

317 334 387 377 καί
426 332 554 381 αὐτὸς
593 333 638 374 ἐκ
677 333 759 374 τῶν
797 331 930 387 λόγων
967 335 1164 390 συνορῶν»
1193 337 1266 377 καὶ
1302 335 1554 389 βουλόμενος
1591 337 1746 388 αὐτούς

317 396 549 454 ἀποτρέψαι
598 398 668 452 τῆς
703 396 836 452 ὁρμῆς
884 396 939 439 Τὸ
966 401 1046 452 μὲν
1075 399 1392 454 ἀποκτιννύναι,
1432 397 1567 456 εἶπεν,
1604 403 1746 445 oedem*

315 465 477 512 ἐξέσται
500 462 662 520 τρόπῳ,
705 459 801 505 οὐδὲ
822 464 1028 520 περιϊδεῖν
1065 460 1120 506 ἂν
1147 460 1284 514 ιαῦτὸς
1318 463 1392 522 τὴν
1430 469 1634 528 βασιλέως
1659 457 1770 522 silv-5

311 526 392 582 χὴν
421 524 530 584 φόνῳ
559 528 781 583 συγγενικῷ
809 529 864 568 δι’
902 526 1033 571 αὐτὸν
1060 533 1438 585 καταχρανθεῖσαν.
1491 531 1539 574 τὸ
1569 534 1616 575 δὲ
1643 531 1746 575 ἀπο-

314 597 473 647 στερεῖν
499 593 583 634 τῶν
612 588 872 647 ὀφθαλμῶν,
914 591 1098 646 μάλιστα
1137 595 1215 647 μὲν
1253 590 1351 637 οὐδὲ
1380 595 1492 654 αὐτῷ
1514 595 1747 652 βούλεσθαι

274 654 421 699 Βὲκών
449 653 570 698 εἶναι·
625 654 682 705 ὦς
710 651 763 698 ἂν
792 657 837 699 δὲ
864 655 923 713 μή
954 657 1143 713 ὑποψίαν
1172 661 1334 715 παρέχςη
1363 658 1548 713 στάσεως
1573 664 1647 705 καὶ
1671 678 1748 704 τα-

292 723 470 777 -ραχῆς,
500 715 746 778 σκεψαμένῳ
772 722 843 777 τῆς
869 721 1027 777 νυκτὸς,
1057 719 1092 777 ὅ,
1124 740 1162 766 τι
1191 720 1243 777 ἂν
1269 719 1504 780 λυσιτελοίη
1521 731 1615 777 τοῖς
1639 725 1748 783 πρά-

314 801 445 839 γμασι
471 785 656 839 ποιήσειν
682 786 741 835 εἷς
768 785 844 842 τήν
871 787 1112 843 ὑστεραίαν.
1145 787 1197 831 Οἱ
1218 790 1296 842 μὲν
1322 785 1398 832 οὖν
1420 789 1635 846 e'nsa'owro
1661 795 1801 840 τοῖςιο

319 850 478 905 λόγοις,
520 847 701 902 οἰόμενοι
727 851 1044 903 ἀπαλλάξεσθαι
1070 852 1348 909 πραγμάτων,
1392 853 1468 898 ἐὰν
1498 856 1582 899 τῶν
1610 849 1748 909 ὄψεων

318 915 343 955 ὅ
373 914 567 970 δεσπότης
595 915 883 974 &noanon-922¹
927 914 1055 967 αὖτὸς
1092 920 1140 961 δὲ
1179 917 1327 969 νυκτός
1361 921 1474 976 τρισὶ
1498 921 1585 963 τῶν
1608 934 1750 965 πιστο-

316 982 451 1023 τάτων
479 982 672 1034 οἰκετῶν,
709 980 780 1024 τὸν
819 983 1022 1038 δεσπότην
1062 985 1247 1026 ἐκέλευεν
1284 985 1331 1027 ἐκ
1358 986 1437 1027 τοῦ
1464 986 1748 1042 δεσμωτηρίου
1797 994 1805 1001 “

187 1049 230 1083 V.
250 1050 313 1094 196
323 1044 548 1099 λαβόντας,
594 1048 640 1088 ἐν
663 1053 819 1101 μυχοῖς
847 1047 1116 1105 κατακρύψαι
1143 1052 1219 1104 γῆς
1246 1050 1540 1106 ἀσφαλέστατα
1569 1051 1628 1100 εἰς
1656 1046 1751 1092 ὅσον

317 1110 500 1165 μάλιστα
527 1107 577 1152 ἂν
595 1113 680 1168 ἐξῇ·
707 1111 814 1154 κατά
844 1115 890 1155 δὲ
911 1113 984 1156 τόν
1007 1115 1299 1171 παραῤῥέοντα
1323 1113 1596 1169 novanda-iic
1607 1110 1803 1172 ’Ἁδραιό

317 1181 526 1230 καλεῖται,
566 1174 735 1220 ἀκάτιον
774 1174 1033 1235 ἀνατρέψαι,
1078 1180 1222 1236 φήμην
1258 1182 1305 1223 δὲ
1345 1180 1487 1238 κρύφα
1517 1182 1750 1237 διαδοῦναι,
1831 1191 1832 1218 1

318 1243 464 1299 πρῶτα
494 1243 571 1295 μὲν
595 1241 651 1292 ὧς
680 1244 921 1299 διαδράσειε
941 1247 1018 1286 τοῦ
1042 1246 1324 1302 δεσμωτηρίου
1346 1244 1372 1288 -ὄ
1401 1245 1614 1303 δεσπότης,
1636 1244 1752 1288 ἕπευ-

190 1314 372 1355 Ρ.2[ι[ιτα
401 1309 447 1349 δὲ
475 1307 532 1357 ὦς
561 1309 802 1363 ἀποπνιγείη
831 1307 934 1352 κατὰ
961 1308 1032 1353 τὸν
1056 1310 1256 1365 ποταμόν.
1311 1310 1349 1363 οἱ
1376 1314 1454 1365 μὲν
1482 1307 1557 1354 οὖν
1584 1310 1751 1355 ἐποίουν

319 1371 422 1415 κατά
451 1372 503 1415 τὰ
543 1377 849 1427 κεκελευσμένα·
906 1377 979 1418 καί
1013 1374 1036 1417 ὅ
1066 1375 1268 1432 δεσπότης
1304 1377 1542 1432 ἐκέκρυπτο
1565 1378 1626 1419 ἐν’
1648 1373 1752 1418 ἀδύ-

319 1456 406 1488 τοις
432 1441 519 1493 γῆς.
573 1436 660 1493 ἅμα
690 1441 736 1481 δὲ
763 1443 878 1496 πρωῒ
898 1443 976 1482 τοῦ
1003 1436 1163 1498 ὄρθρου
1194 1441 1311 1498 φήμη
1338 1441 1532 1498 διεδόθη,
1570 1442 1628 1491 ὥς
1655 1442 1804 1483 δια-20

318 1503 485 1560 δράσειε
513 1507 590 1546 τοῦ
621 1506 901 1562 δεσμωτηρίου
930 1503 953 1547 ὅ
990 1505 1204 1562 δεσπότης·
1272 1507 1346 1550 καὶ
1381 1505 1545 1565 πάντες·
1570 1501 1678 1562 ἦσαν
1704 1508 1750 1549 ἐν

319 1567 489 1627 θορύβῳ
518 1562 589 1611 καὶ
612 1571 795 1628 ταραχῇ,
835 1571 1016 1625 οἰόμενοι
1050 1566 1130 1627 ἤδη
1166 1570 1219 1615 τά
1260 1571 1486 1628 πράγματα
1513 1573 1573 1622 εἰς
1606 1569 1754 1614 στάσιν

318 1640 486 1691 χωρεῖν.
542 1633 633 1676 ἐπεὶ
658 1637 705 1677 δὲ
733 1636 937 1679 ἐπύθοντο
964 1638 1061 1692 περὶ
1082 1637 1160 1679 τοῦ
1188 1633 1554 1693 ἀνατετραμμένου
1583 1634 1752 1679 ἀκατίου

414 1746 448 1771 2.
472 1730 629 1771 ἄκοντος
650 1735 724 1772 ED.
744 1736 779 1770 P.
805 1747 870 1781 pro
895 1733 1063 1774 ἄκοντες.

322 1835 433 1868 vitam
459 1837 643 1878 amittant3
683 1842 721 1871 et
745 1837 825 1870 aliis
849 1837 1043 1871 multorum
1067 1837 1371 1872 incommodorum
1396 1841 1561 1871 auctores
1580 1848 1628 1871 ne
1653 1836 1752 1871 flant.

322 1882 418 1915 Ha'ec
451 1882 522 1915 fuit
549 1894 671 1915 eorum
703 1884 910 1927 postulatio.
971 1885 1079 1929 Quod
1102 1885 1175 1917 nisi
1209 1896 1357 1928 magnus
1393 1883 1611 1918 domesticus
1638 1894 1754 1921 ‘mnu-

326 1933 413 1967 eret,
438 1929 497 1961 vel
521 1929 634 1961 invito
660 1930 759 1973 ipso,
784 1929 970 1974 despotam
993 1932 1030 1963 in
1049 1941 1187 1964 carcere
1212 1930 1459 1964 contrucidare
1483 1931 1752 1964 constituerant.

323 1973 368 2007 Id
393 1985 471 2006 cum
496 1976 631 2018 etipse
669 1986 713 2008 ex
748 1987 872 2009 eorum
906 1988 1069 2010 sermone
1098 1976 1416 2017 animadverteret,
1451 1981 1487 2010 et
1522 1987 1583 2010 eos
1609 1976 1654 2009 ab
1684 1975 1755 2008 hoc

325 2020 535 2053 turbulento
561 2021 670 2053 animi
706 2028 807 2055 motu
847 2033 993 2056 avocare
1028 2029 1191 2067 cuperet,
1228 2023 1343 2056 occidi
1374 2023 1478 2056 illum
1508 2023 1609 2056 nullo
1645 2021 1779 2055 modo‘

326 2067 582 2109 permissurum
608 2067 723 2110 dixit3
747 2080 815 2102 nec
836 2080 1034 2113 passurum,
1058 2070 1282 2114 imperatoris
1307 2070 1460 2112 animam
1485 2070 1625 2115 cognati
1644 2067 1754 2102 caede

329 2123 391 2144 sua
416 2123 522 2156 opera
549 2116 797 2152 contaminari,
845 2117 890 2148 Ut
915 2122 1033 2149 autem
1055 2116 1113 2150 vel
1135 2116 1274 2149 lumina
1299 2116 1332 2149 ei
1357 2115 1525 2156 effodiat,
1552 2116 1661 2149 etiam
1684 2113 1756 2147 huc

329 2158 425 2201 adigi
449 2159 658 2204 neutiquam
682 2172 795 2204 posse.
856 2162 988 2195 Verum
1012 2167 1054 2195 ut
1085 2174 1130 2195 ne
1155 2162 1344 2196 seditionis
1369 2173 1408 2195 ac
1439 2162 1614 2195 tumultus
1637 2165 1758 2193 mate-

329 2204 419 2237 riam
443 2205 644 2238 ministrare
669 2206 854 2248 videatur,
881 2214 990 2241 noctu
1014 2220 1051 2241 se
1077 2213 1261 2252 capturum
1285 2208 1473 2242 consilium
1487 2233 1498 2251 ‚
1533 2213 1571 2241 et
1593 2207 1652 2242 die
1678 2217 1756 2240 cra-

331 2250 425 2282 stino
451 2249 642 2291 facturum,
681 2253 777 2296 quod
806 2265 824 2286 e
848 2255 1034 2298 republica
1056 2255 1175 2288 fuerit.
1224 2254 1366 2300 Quibus
1391 2255 1447 2287 illi
1473 2253 1592 2288 verbis
1629 2252 1757 2297 pucati,

333 2296 431 2328 omni
453 2296 523 2327 iam
557 2297 722 2331 molestia
747 2299 933 2333 defunctos
968 2312 1005 2334 se
1029 2293 1315 2340 arbitrabuntur,
1349 2300 1379 2333 si
1415 2299 1563 2346 despota
1590 2299 1758 2332 exocula-

332 2346 440 2374 retur.
488 2342 538 2373 Ea
563 2348 667 2376 nocte
692 2345 833 2378 famulis
859 2347 973 2380 tribus
988 2372 998 2387 ‚
1023 2348 1140 2392 iisque
1165 2346 1346 2380 fidissimis
1370 2343 1535 2387 m‘andat,
1574 2345 1758 2389 despotam

334 2398 474 2420 carcere
503 2387 674 2422 educant:
701 2391 777 2424 loco
805 2392 1037 2426 subterraneo
1057 2405 1164 2439 quam
1187 2393 1296 2426 liceat
1315 2393 1495 2425 tutissime
1520 2391 1757 2425 abscondant:

333 2434 373 2466 in
397 2433 489 2466 Adra
522 2436 808 2477 praeterlabente
834 2438 942 2472 fluvio
971 2440 1170 2473 naviculam
1195 2443 1378 2482 evertant5
1412 2449 1589 2471 rumorem
1614 2437 1758 2470 clancu-

332 2479 409 2511 lum
432 2485 562 2519 serant,
588 2482 740 2524 primum
759 2483 903 2528 quidem
930 2497 948 2518 e
975 2485 1136 2519 custodia
1159 2485 1370 2530 profugisse,
1398 2483 1528 2517 deinde
1549 2484 1586 2517 in
1610 2483 1758 2517 flumine

336 2535 569 2558 summersum
600 2529 760 2570 periisse.
823 2530 961 2564 Famuli
994 2533 1087 2565 iussa
1120 2533 1322 2572 facessunt,
1359 2529 1544 2575 despotam
1574 2529 1641 2563 sub
1665 2534 1760 2562 terra

334 2570 425 2604 locis
456 2572 701 2606 secretissimis
727 2575 905 2609 occulunt.
953 2578 1068 2611 Simul
1104 2584 1211 2624 atque
1235 2577 1348 2618 luxit,
1383 2577 1478 2610 fama
1503 2576 1660 2616 diditur,
1693 2573 1760 2608 de-

336 2623 477 2660 spotam
510 2628 529 2651 e
563 2629 701 2653 carcere
732 2622 891 2655 evasisse.
951 2624 1077 2669 Ingens
1110 2625 1232 2665 statim
1268 2622 1442 2658 tumultus
1473 2633 1514 2657 ac
1537 2622 1682 2657 turbae:
1722 2623 1760 2653 et

338 2673 394 2696 res
417 2665 576 2698 omnium
599 2666 736 2701 iudicio
772 2667 817 2701 ad
847 2667 1062 2704 seditionem
1098 2675 1267 2716 spectare.
1316 2669 1388 2704 Sed
1419 2668 1486 2705 ubi
1512 2668 1557 2703 de
1588 2667 1757 2704 subverso
