1820 3164
286 123 401 189 484
671 166 673 170 Α
719 162 722 165 ,
819 86 1188 174 cmActizm

95 241 412 289 Δ.Ο.ι334σιλίδι
445 236 694 289 αἰσθόμεναι
722 233 798 289 τὴν
824 231 1067 288 ἐπιβουλὴν,
1117 230 1172 282 ὥς
1199 232 1380 286 μάλιστα
1408 231 1503 288 ἕνῆν
1524 231 1718 290 ’ἠσφαλι-

286 319 412 350 σαντο
440 303 492 343 τά
511 317 554 344 τε
585 302 778 354 βασιλεια
805 302 877 341 καί
904 297 979 354 την
1012 294 1140 353 ἄλλην
1166 297 1335 357 domim)
1368 295 1644 353 ἄποσχόμενοι
1657 293 1718 343 ὧν

285 369 544 420 διενοοῦντο,
584 363 859 420 διελύθησαν.
924 360 1121 417 βασιλεὺς
1165 364 1211 405 δὲ
1240 364 1332 406 ε’πεί
1361 363 1535 406 ἐπύθετο
1573 365 1718 406 διαλυ-

286 436 460 485 θέντας,
497 428 596 481 τούς
622 431 700 484 μὲν
730 428 845 485 παρὰ
876 430 948 471 τοῦ
982 428 1143 484 Ἀμοὺρ
1179 428 1384 484 παρόντας
1412 428 1516 473 κατὰ
1549 445 1719 484 συμμα-

285 499 413 552 χίαν,
464 491 697 539 ἀπέστειλεν
739 493 1034 551 εὐεργετήσας·
1090 491 1216 542 αὐτὸς
1253 494 1300 535 δὲ
1331 494 1633 552 συντονώτερον
1659 493 1743 537 εἶ’-5
1783 538 1792 542 ,,

151 563 273 598 V·236
284 575 382 617 χετο
425 561 500 615 τῆς
543 561 807 617 πολιορκίας·
863 554 943 614 ἤδη
989 557 1067 615 γὰρ
1117 560 1189 600 καί
1219 557 1243 599 ὅ
1283 557 1421 615 καιρὸς
1452 554 1591 616 ἤπειγε
1623 557 1722 616 περὶ

164 630 282 668 P.295
296 625 565 684 φθινόπωρον
595 620 666 668 α’ίν.
693 626 954 681 ’τριβομένου
985 626 1031 666 δὲ
1057 626 1134 666 τοῦ
1158 625 1312 680 χρόνου
1341 622 1442 666 κατὰ
1457 625 1532 681 τὴν
1551 629 1719 684 πολιορ-

285 693 381 735 κίαν
407 693 641 746 συμβέβηκε
668 687 739 732 τὸν
764 692 894 744 μέγαν
927 690 1170 743 δομέστικον
1198 686 1311 745 παροὶ
1340 687 1416 744 τὴν
1434 690 1507 745 τῆς
1525 687 1721 738 moimm-

286 757 422 812 πύλην
450 757 553 799 ἰδεῖν
574 753 734 813 ἑστῶτα
748 752 941 806 Ντζουάν
967 756 1032 797 ντὲ
1051 754 1200 796 Σπίνιοὶ
1223 769 1315 796 τινα
1345 753 1647 808 ὠνομασμένον,
1675 750 1722 804 ὃς

286 816 476 879 ἦναύτῷ
498 821 702 877 γνώριμος
723 819 921 877 πρότερον
947 822 1020 862 καί
1039 819 1233 875 συνήθης,
1262 817 1308 861 ἔκ
1323 835 1367 862 τε
1383 821 1466 862 τῶν
1493 812 1773 885 mapella-10

286 886 413 937 τίνοις
433 887 649 942 ἐπιφανῶν
671 881 770 928 ὄντα
793 885 867 928 καί
887 886 1077 934 παιδείας
1094 886 1166 940 τῆς
1194 883 1309 941 παρὰ
1332 882 1550 939 Ῥωμαίοις
1572 882 1721 934 ἱκανῶς

284 949 577 1006 μετεσχηκότα.
600 950 672 993 καί
681 952 851 1005 πέμψας
870 949 997 992 αὐτὸν
1014 954 1288 1004 μετεκαλεῖτο,
1303 948 1480 995 κελεύων
1497 945 1610 1006 ἣκειν
1619 948 1722 1006 πρὸς

286 1013 417 1058 αὐτὸν
434 1016 566 1070 μηδὲν
586 1014 871 1058 ’ὖποπτεύοντα
896 1014 1055 1058 δεινόν.
1097 1012 1119 1055 ὅ
1149 1015 1187 1056 δ’
1217 1010 1314 1070 ἧκεν
1355 1014 1488 1066 εὔθύς
1521 1012 1719 1064 πεισθὲιξ.

286 1079 620 1136 προσαγορεύσας
645 1082 691 1122 δὲ
711 1079 734 1122 ὅ
754 1082 884 1135 μέγας
912 1082 1150 1134 δομέστικος
1178 1079 1308 1123 αὐτὸν
1330 1081 1403 1123 καί
1427 1078 1721 1136 ἀγνωμοσύνην

287 1146 521 1199 ἐγκαλέσας,
553 1141 617 1187 ὅτι
641 1144 764 1204 φίλον
797 1146 850 1202 οἷρ
853 1151 977 1200 χαῖον
1010 1140 1110 1188 ὄντα
1141 1144 1213 1187 καί
1239 1146 1401 1202 συνήθη
1425 1144 1499 1188 καὶ
1525 1146 1773 1190 τοσοῦτονι5

254 1205 372 1266 Βῆδη
391 1208 542 1265 χρόνον
565 1212 829 1267 διατρίβοντα
849 1209 949 1267 πρὸς
971 1217 1063 1260 ταῖς
1087 1209 1236 1260 πύλαις
1259 1217 1349 1261 ταῖς
1364 1211 1517 1265 αὐτῶν,
1545 1210 1645 1253 οὐδὲ
1670 1205 1721 1253 ‹5:²-

287 1279 372 1326 παξ
394 1272 498 1330 πρὸς
514 1272 646 1317 αὔτὸν
667 1276 869 1330 ἠθέλησεν
895 1279 1030 1319 ἐλθεῖν
1066 1277 1166 1318 οὐδὲ
1194 1275 1469 1319 ἀσπάσασθαι
1489 1273 1557 1320 οἷα
1585 1275 1722 1331 φίλον,

289 1338 363 1381 καί
386 1341 490 1394 ἕτερ’
511 1334 614 1382 ἅττα
638 1336 716 1382 ὅσα
740 1336 790 1395 ἦν
811 1340 1046 1395 ἁρμόζοντα
1066 1343 1265 1396 προσθείς
1286 1343 1345 1398 τῷ
1363 1340 1514 1399 χρόνῳ,
1530 1335 1620 1397 (ἤδη
1639 1337 1719 1396 γάρ
1779 1340 1782 1343 ’

291 1404 372 1457 ὄψὲ
396 1405 470 1459 τῆς
492 1404 651 1460 ἡμέρας
681 1401 767 1460 ἧν,)
811 1403 855 1446 τὸ
881 1406 955 1447 νῦν
982 1407 1059 1459 μὲν
1080 1405 1177 1459 ἔχον
1203 1404 1344 1447 οἴκαδε
1362 1407 1624 1460 ἀπέπεμπεν,
1663 1405 1724 1454 εἷς

289 1468 365 1524 τὴν
388 1467 608 1525 ὑστεραίαν
636 1471 683 1511 δὲ
709 1471 944 1524 ἐκέλευσεν,
973 1469 1056 1524 εἴγε
1092 1473 1165 1512 καί
1191 1471 1305 1529 mitrii
1334 1474 1432 1512 καθ’
1455 1469 1604 1526 ἡδονὴν
1641 1468 1775 1525 εἴη,·ω

289 1532 395 1589 πρὸς
422 1530 553 1576 αὐτὸν
588 1534 712 1576 πάλιν
739 1536 903 1588 ἐλθεῖν,
932 1533 988 1584 ὦς
1022 1531 1072 1577 ἂν
1095 1534 1198 1577 κατὰ
1238 1535 1391 1591 σχολὴν
1430 1535 1503 1577 καὶ
1529 1537 1627 1590 περὶ
1645 1536 1723 1577 τοῦ

291 1597 493 1654 παρόντος
534 1600 716 1652 πολέμου
755 1601 1034 1654 διαλεχθῶσιν
1069 1597 1172 1642 ἅττα
1207 1595 1258 1642 ἂν
1291 1597 1446 1658 ἑκάστῳ
1483 1594 1622 1656 δοκοίη
1646 1593 1723 1642 Ιδι’-

291 1679 391 1705 καια
418 1662 530 1717 ἔχειν
557 1662 657 1720 πρὸς
686 1663 833 1707 αὐτόν.
873 1664 1065 1716 Ντζουὰν
1092 1667 1170 1718 μὲν
1197 1661 1271 1708 οὖν
1288 1662 1588 1718 ἀποδεξάμενος
1621 1663 1722 1715 τούς

294 1726 436 1782 λόγους
459 1726 596 1770 οἴκαδε
622 1725 828 1785 ἆπῆλθεν·
868 1731 927 1778 εἰς
947 1729 1023 1784 τὴν
1060 1727 1288 1787 ὗστεραίαν
1321 1730 1368 1772 δὲ
1405 1724 1493 1783 ἅμα
1526 1730 1642 1786 πρωῒ
1661 1731 1722 1779 εἷς

294 1855 503 1886 tenerentur
527 1851 660 1898 (magni
680 1851 813 1898 quippe
833 1851 1020 1887 domestici
1037 1857 1150 1887 mater
1168 1858 1205 1888 et
1222 1853 1434 1898 imperatrix
1447 1851 1721 1898 *praecipientes

292 1899 467 1939 insidias,
503 1910 611 1944 quam
646 1900 799 1932 maxime
822 1905 988 1944 poterant
1023 1900 1198 1943 palatium
1243 1901 1494 1946 reliquumque
1529 1900 1721 1944 imperium

294 1944 611 1990 communiverant)
645 1945 817 1990 depositis
845 1945 1121 1990 cogitationibus
1146 1947 1233 1987 illis,
1268 1945 1433 1990 dissipati
1469 1950 1562 1979 sunt.
1610 1944 1720 1990 Quod

293 1996 336 2024 ut
359 1991 496 2035 accepit
522 1991 715 2035 imperator
731 2016 741 2033 ,
776 1992 969 2025 submissos
1005 1992 1049 2036 auh
1076 1992 1221 2026 Amurio
1257 2002 1338 2025 cum
1363 1990 1530 2025 donativo
1558 1989 1718 2026 dimisit':

294 2037 372 2082 ipse
405 2036 587 2070 obsidioni
621 2039 823 2071 contentius
849 2039 982 2072 instare
1002 2030 1144 2084 fflepst:
1176 2039 1248 2071 iam
1273 2039 1369 2071 enim
1392 2043 1429 2071 et
1448 2037 1524 2072 die‘s
1548 2037 1719 2083 urgebat‘,

293 2088 465 2116 autumno
490 2088 680 2127 appetente
705 2084 852 2117 scilicet.
899 2085 994 2117 Dum
1010 2085 1061 2117 ita
1078 2096 1143 2129 per
1164 2083 1391 2119 obsidionem
1412 2089 1551 2128 tempus
1571 2083 1720 2124 labitur,

295 2129 390 2162 forte
412 2140 559 2173 magnus
585 2128 799 2163 domesticus
823 2136 969 2175 propter
992 2136 1133 2175 portam
1166 2130 1344 2176 quandam
1368 2131 1536 2163 Ioannem
1561 2129 1606 2163 de
1633 2129 1718 2175 Spi-

297 2175 361 2208 nia
387 2176 460 2207 sive
493 2175 677 2219 Spinulam
702 2176 772 2209 sibi
795 2183 899 2210 antea
923 2182 1048 2210 notum
1073 2188 1112 2210 ac
1145 2177 1355 2210 familiarem
1380 2181 1472 2209 stare
1493 2175 1617 2216 ridet,
1648 2176 1719 2210 ho-

296 2221 429 2254 minem
454 2221 548 2253 inter
570 2221 716 2255 Latinos
740 2223 900 2256 nobilem
926 2229 962 2256 et
985 2224 1150 2256 Romanis
1175 2224 1327 2256 tinctum
1350 2222 1488 2256 litteris.
1537 2221 1640 2256 Hunc
1663 2223 1720 2257 uti

297 2265 344 2299 ad
368 2278 405 2300 se
428 2265 522 2299 nihil
546 2272 708 2301 metuens
733 2269 899 2309 accedat,
923 2270 1062 2302 invitat.
1098 2270 1163 2302 Ille
1188 2268 1294 2302 fidem
1315 2268 1450 2301 habens
1476 2267 1625 2305 accedit.
1649 2269 1717 2302 Sa-

297 2312 392 2345 lutat
423 2323 504 2345 eum
542 2312 755 2347 domesticus
789 2315 994 2360 factumque
1026 2314 1262 2349 inhumanum
1293 2314 1509 2359 exprobrat,
1544 2313 1642 2359 quod
1671 2313 1719 2348 ad

297 2363 455 2393 veterem
489 2359 639 2391 amicum
672 2365 709 2393 et
742 2361 954 2394 familiarem
989 2366 1025 2395 et
1058 2366 1158 2395 tanto
1190 2362 1350 2406 tempore
1384 2359 1429 2392 ad
1453 2365 1572 2404 portas
1597 2371 1719 2394 eorum

299 2408 573 2444 commoratum,
610 2416 657 2438 ne
692 2408 801 2440 semel
834 2407 979 2452 quidem
1012 2407 1176 2448 adiisset,
1206 2417 1272 2440 nec
1296 2417 1360 2450 pro
1384 2407 1540 2449 amicitia
1564 2406 1718 2440 salutare

297 2450 480 2484 voluisset.
506 2450 586 2483 Alia
612 2451 754 2485 demum
778 2455 930 2498 tempori
947 2453 1208 2487 accommodata
1231 2452 1459 2496 subiungens,
1484 2453 1522 2486 in
1545 2463 1720 2496 praesen-

299 2497 352 2529 tia
376 2496 517 2530 domum
542 2496 629 2541 (iam
657 2499 752 2531 enim
776 2500 850 2533 diei
873 2511 989 2532 serum
1018 2501 1108 2544 erat)
1134 2499 1295 2532 remittit.
1320 2498 1494 2532 Postridie
1518 2502 1559 2531 ut
1582 2499 1720 2540 redeat,

301 2543 332 2576 si
355 2543 552 2587 placuerit,
583 2542 772 2587 hortatur,
796 2557 866 2590 quo
890 2556 954 2589 per
977 2547 1088 2580 otium
1115 2545 1158 2579 de
1183 2544 1252 2578 hoc
1278 2543 1375 2578 bello
1399 2555 1492 2590 quae
1516 2545 1610 2578 iusta
1633 2556 1718 2578 cen-

301 2590 440 2621 suerint
470 2589 727 2634 colloquantur.
785 2592 935 2625 Ioannes
970 2591 1205 2626 reversionem
1236 2590 1418 2635 pollicitus
1456 2590 1545 2628 abit,
1595 2590 1719 2625 Altera

303 2635 386 2668 luce
410 2645 514 2668 mane
549 2636 588 2668 in
611 2637 729 2680 magni
754 2636 942 2672 domestici
965 2637 1231 2671 tabernaculum
1252 2637 1362 2670 venit.
1385 2635 1492 2670 Facta
1515 2637 1718 2671 consaluta-

306 2681 433 2723 tione,
463 2680 576 2716 solum
608 2681 821 2719 domesticus
855 2685 907 2719 sic
941 2684 1159 2731 aggreditur:
1194 2682 1326 2730 Quavis
1362 2684 1546 2719 occasione
1579 2683 1718 2718 bellum
