1728 3158
676 107 998 150 PRAEFATIO.
1128 131 1133 137 ·
1486 112 1557 155 XV

377 218 546 275 (agebat
585 220 692 259 enim
731 220 902 260 Ioannes
933 235 1083 261 annum
1119 235 1201 262 non
1223 221 1324 277 plus
1353 221 1556 264 decimum

78 271 117 334 “
161 289 170 299 '
212 308 221 324 a
258 307 277 323 ιι
299 287 313 339 )
341 293 481 341 postea
501 299 544 326 se
563 283 758 341 collegam
777 286 970 340 patiatui.
1030 288 1161 329 Huius
1188 289 1306 344 spatii
1335 290 1402 329 vix
1432 289 1553 330 dimi-

78 403 82 406 =
93 353 215 401 ω
233 352 396 403 videtur
414 350 634 407 explevisse
646 381 661 404 ,
699 366 837 392 rerum
856 351 978 392 huius
997 354 1139 393 mundi
1178 362 1219 395 et
1253 355 1459 397 adversae
1466 349 1554 396 sor-

180 426 398 463 renovatae
427 419 606 474 quodam
632 418 783 460 taedio.
845 419 963 471 Quae
993 422 1082 474 ipso
1108 421 1191 460 iam
1218 422 1419 464 monacho
1447 423 1554 464 inter

67 482 387 542 -Rdneologum
427 494 470 527 et
502 485 755 526 Matthaeum
786 493 924 526 secuta
956 492 1051 526 sunt
1064 514 1077 538 ,
1107 486 1275 527 forsitan
1307 490 1454 542 unius,
1483 497 1555 531 aut

66 542 274 597 {anonim
293 567 494 594 annorum
513 553 701 595 fuerunt:
729 567 827 593 nam
845 554 889 593 in
903 552 968 593 his
985 552 1096 607 quod
1112 566 1190 607 pro
1208 562 1318 594 certo
1339 554 1554 610 affirmem,

74 623 75 626 ’
80 627 182 679 nnn
198 618 346 660 habeo.
417 610 506 661 Hac
527 621 683 660 ratione
702 618 949 674 colliguntur
969 620 1064 659 anni
1086 619 1278 660 historiae
1297 621 1418 662 huius
1437 624 1558 664 circi-

70 689 86 695 ”
80 655 162 738 lm
178 687 344 742 triginta
362 699 528 729 novem.
583 686 648 728 Ex
667 685 731 726 his
751 693 889 740 patet,
917 693 1103 740 tempora
1123 685 1382 727 Andronici
1370 691 1557 741 iunioris,

74 741 394 809 ᾆῖςῖιῦωοιιιειιὶ,
432 760 474 795 et
505 753 669 795 Ioannis
689 752 921 808 Palaeologi
952 766 1036 793 non
1064 754 1160 793 satis
1190 754 1319 808 probe
1349 755 1559 809 digessisse

15 863 17 865 ,
52 824 125 879 a!
151 819 361 875 ‘plu-ium
374 849 389 872 ‚
424 827 464 862 et
482 819 600 862 alios.
656 820 863 861 Errarunt
883 821 981 860 item
1001 834 1095 860 cum
1115 821 1314 875 Gregora,
1343 821 1443 860 dum
1467 821 1557 861 An-

18 914 27 928 -.
46 915 48 917 »
74 883 309 939 λξᾶιοιιίιιιιιιι
327 887 529 929 iuniorem
546 901 655 928 anno
675 886 817 928 aetatis
848 886 1157 942 quadragesimo
1176 888 1319 941 quinto
1338 889 1560 929 extinctum

18 951 33 981 Ὺ
56 947 362 1002 ‘'undidemnt.
417 953 527 995 Nam
546 956 581 995 si
606 961 726 995 natus
746 961 981 994 erat-annos
1000 955 1144 1008 viginti
1164 961 1319 1008 septem
1339 962 1559 1009 antequam

70 1019 316 1070 fleeundam
333 1034 502 1062 uxorem
521 1021 713 1074 duceret,
743 1028 791 1061 ut
809 1028 947 1061 noster
966 1020 1072 1060 libro
1092 1021 1226 1075 primo
1250 1028 1419 1074 narrat,
1449 1029 1491 1062 et
1511 1036 1558 1064 ea

18 1079 68 1087 ¹
72 1084 220 1138 duma
242 1086 377 1128 adhuc
407 1087 564 1143 aliquot
591 1090 708 1129 annis
737 1102 832 1128 cum
859 1102 938 1128 avo
957 1087 1112 1127 bellum
1141 1088 1284 1141 gessit:
1327 1090 1360 1127 si
1381 1102 1430 1128 eo
1450 1089 1560 1130 victo

69 1154 216 1197 annis
245 1154 387 1210 viginti
408 1155 518 1196 solus
535 1156 752 1211 imperavit
766 1185 779 1208 ,
821 1156 1004 1210 sequitur
1023 1155 1444 1209 quinquagenarium,
1489 1164 1561 1197 aut

82 1233 149 1263 ω
177 1221 373 1262 maiorem
407 1221 571 1263 obiisse.

46 1281 52 1288 ”
207 1287 482 1330 Ostendemus
521 1303 630 1329 nunc
643 1319 657 1342 ,
708 1303 791 1344 quo
829 1288 919 1329 loco
951 1289 1057 1328 inter
1086 1287 1330 1343 Byzantinas
1369 1288 1559 1331 historias

24 1323 53 1406 ξ
80 1352 196 1395 haec
223 1361 365 1396 nostra
388 1355 624 1396 collocanda
653 1357 718 1401 sit,
776 1355 1080 1395 Cantacuzenus
1100 1355 1333 1410 Nicephoro
1353 1356 1561 1412 Gregorae

17 1458 20 1462 .
86 1421 276 1474 proxime
301 1421 481 1463 succedit
494 1452 507 1475 ,
561 1424 728 1478 eiusque
748 1425 1003 1463 narrationes
1029 1423 1264 1464 continuat:
1310 1438 1560 1480 quamquam

94 1497 177 1533 m
195 1488 377 1542 praecise
399 1503 450 1530 ¹ac
478 1489 730 1544 simpliciter.
787 1489 826 1530 N
829 1502 897 1529 am
925 1503 1020 1529 cum
1040 1490 1242 1544 Gregoras
1269 1491 1313 1531 in
1333 1491 1448 1532 obitu
1467 1491 1559 1532 An-

85 1551 251 1595 dronici
270 1555 440 1596 iunioris
460 1555 617 1596 desinat
629 1586 642 1609 ,
671 1563 810 1596 noster
827 1555 923 1596 inde
941 1570 1025 1596 non
1046 1555 1206 1596 orditur
1219 1572 1232 1597 z
1263 1559 1363 1612 quin
1392 1560 1476 1599 imo
1496 1573 1562 1600 se-

6 1621 9 1624 *
31 1660 37 1682 ι,
87 1619 272 1666 nundum
300 1621 493 1664 historiae
523 1637 620 1664 suae
650 1622 803 1664 librum
833 1623 887 1664 ad
918 1623 1098 1664 eiusdem
1129 1622 1356 1666 Andronici
1385 1634 1561 1669 mortem

87 1687 292 1741 perducit.
346 1689 505 1731 Verum
533 1693 630 1745 quia
660 1692 864 1746 Gregoras
882 1691 958 1731 iste
987 1704 1065 1731 avo
1081 1720 1095 1742 ,
1133 1691 1177 1730 in
1197 1693 1312 1732 cuius
1332 1692 1469 1733 aulam
1486 1695 1560 1734 de-

22 1743 23 1746 *
42 1743 44 1746 ¹
88 1755 208 1794 sertis
238 1754 382 1796 studiis
409 1756 645 1798 liberalibus
669 1772 712 1798 se
731 1757 920 1810 contulit,
950 1758 1135 1809 amicior,
1163 1760 1302 1812 nepoti
1323 1766 1459 1799 autem
1479 1761 1559 1800 ini-

91 1820 213 1874 quior
231 1819 333 1861 fuit:
362 1820 561 1877 illumque
587 1823 809 1878 plurimum
825 1852 838 1875 ,
866 1830 907 1863 et
933 1837 1053 1878 saepe
1081 1824 1381 1865 commendavit
1394 1840 1407 1865 τ
1447 1825 1559 1867 hunc

30 1896 39 1938 ἰ]
91 1893 257 1940 aperte,
297 1901 373 1928 nec
389 1889 549 1929 modice
562 1919 575 1941 ,
615 1897 656 1930 et
672 1904 758 1930 non
779 1903 875 1929 raro
912 1889 1164 1930 insimulavit
1203 1904 1250 1930 ac
1280 1892 1528 1946 vituperavit
1541 1907 1558 1934 ε

35 1984 37 1986 -
82 1951 146 1992 Μ
162 1948 289 2006 haee,
316 1967 423 2008 quae
446 1956 557 1997 ,inter
575 1955 668 1996 illos
687 1955 939 2008 acciderunt,
968 1963 1127 2010 partem
1152 1957 1370 1997 maximam
1389 1959 1559 1999 minime

88 2026 299 2074 comperta
325 2019 496 2062 habuit:
537 2036 643 2077 quae
671 2029 808 2062 autem
835 2024 1034 2076 comperit
1047 2051 1059 2073 ‚
1103 2036 1151 2063 ea
1179 2023 1346 2063 confuse
1359 2054 1371 2077 ,
1400 2025 1554 2079 imper-

32 2098 34 2104 ·
90 2084 209 2139 secte,
237 2087 438 2142 quaedam
458 2102 622 2144 quoque
643 2088 760 2129 aliter
787 2089 1012 2143 aliquanto,
1034 2088 1133 2143 quid
1156 2088 1395 2144 aliquanto?
1422 2091 1552 2132 multo

83 2150 230 2207 aliter,
258 2168 383 2209 quam
403 2164 626 2196 evenerunt
639 2187 652 2208 ,
688 2163 728 2197 et
755 2170 850 2196 cum
879 2156 1099 2196 mendaciis
1119 2158 1321 2210 exposuit:
1362 2158 1406 2197 in
1426 2160 1553 2213 ipsius

85 2231 254 2274 quoque
289 2221 560 2262 Cantacuzeni
611 2222 721 2263 bello
769 2223 972 2277 rebusque
1022 2223 1388 2264 commemorandis
1433 2227 1552 2280 (quae

85 2287 238 2340 scripta
265 2287 333 2328 vel
351 2289 619 2342 interierunt3
655 2289 722 2331 vel
741 2290 874 2329 adhuc
903 2291 947 2329 in
978 2289 1116 2344 aliqua
1145 2289 1391 2331 bibliotheca
1411 2292 1552 2346 latent)

19 2401 22 2404 ἢ
87 2365 235 2406 parum
268 2353 377 2394 bona
415 2355 520 2407 fide,
560 2355 839 2410 malevoleque
868 2363 1051 2397 versatus
1084 2363 1160 2396 est.
1243 2357 1550 2399 Cantacuzenus

11 2421 20 2443 '-
86 2415 187 2459 haec
214 2420 314 2460 vitia
333 2435 416 2461 non
434 2422 585 2475 ferens,
615 2423 734 2478 longe
754 2425 949 2464 sincerius
964 2454 976 2476 ,
1006 2424 1206 2478 longeque
1225 2426 1454 2479 copiosius,
1483 2426 1548 2466 di-

86 2485 286 2538 stinctius,
314 2488 526 2543 integrius,
553 2491 702 2530 certius
722 2492 858 2530 omnia
877 2491 1115 2546 explicavit:
1153 2492 1305 2545 quippe
1324 2493 1394 2546 qui
1413 2493 1547 2532 omni-

86 2549 164 2592 hus
181 2565 310 2607 paene
327 2568 411 2595 non
438 2556 620 2597 interfuit
639 2557 771 2598 solum
788 2587 801 2608 ,
829 2571 975 2599 verum
1004 2559 1126 2598 etiam
1145 2557 1344 2612 praefuit:
1375 2565 1415 2597 et
1441 2571 1547 2612 quae

0 2665 2 2670 ‚
86 2618 177 2671 ipse
192 2633 276 2662 non
293 2620 398 2662 vidit
411 2651 424 2674 ,
453 2630 524 2662 aut
554 2625 635 2678 egit
664 2625 745 2679 (qui
777 2625 884 2664 enim
910 2627 1044 2679 potuit
1061 2626 1198 2665 omnia
1209 2625 1241 2676 ‘?)
1272 2638 1318 2664 ea
1336 2638 1360 2663 a
1376 2624 1547 2665 testibus

22 2718 27 2742 ᾗ
76 2685 332 2742 gravissimis
348 2690 526 2744 accepitt
556 2691 898 2745 quemadmodum
918 2693 960 2732 in
979 2692 1057 2733 fine
1085 2691 1179 2732 libri
1206 2692 1339 2746 quarti
1358 2697 1541 2732 testatur.
