<?xml version="1.0" encoding="UTF-8"?>
<!DOCTYPE html PUBLIC "-//W3C//DTD XHTML 1.0 Transitional//EN"
    "http://www.w3.org/TR/xhtml1/DTD/xhtml1-transitional.dtd">
<html xmlns="http://www.w3.org/1999/xhtml" xml:lang="en" lang="en">
 <head>
  <title>
</title>
<meta http-equiv="Content-Type" content="text/html;charset=utf-8" />
  <meta name='ocr-system' content='tesseract 3.04.00' />
  <meta name='ocr-capabilities' content='ocr_page ocr_carea ocr_par ocr_line ocrx_word'/>
</head>
<body>
  <div class='ocr_page' id='page_1' title='image "./corpusscriptorum23niebuoft_0174.png"; bbox 0 0 1832 3138; ppageno 0'>
   <div class='ocr_carea' id='block_1_1' title="bbox 270 103 1166 159">
    <p class='ocr_par' dir='ltr' id='par_1_1' title="bbox 270 103 1166 159">
     <span class='ocr_line' id='line_1_1' title="bbox 270 103 1166 159; baseline -0.006 0"><span class='ocrx_word' id='word_1_1' title='bbox 270 123 288 159; x_wconf 86' lang='lat'><strong>1</strong></span> <span class='ocrx_word' id='word_1_2' title='bbox 301 103 372 159; x_wconf 81' lang='lat'><strong>32</strong></span> <span class='ocrx_word' id='word_1_3' title='bbox 774 107 777 109; x_wconf 84' lang='grc'><strong>’</strong></span> <span class='ocrx_word' id='word_1_4' title='bbox 791 109 1166 156; x_wconf 68' lang='lat' dir='ltr'><strong>CANTAszENJ</strong></span> 
     </span>
    </p>
   </div>
   <div class='ocr_carea' id='block_1_2' title="bbox 63 205 1768 1843">
    <p class='ocr_par' dir='ltr' id='par_1_2' title="bbox 63 205 1730 728">
     <span class='ocr_line' id='line_1_2' title="bbox 63 205 1704 271; baseline -0.003 -13"><span class='ocrx_word' id='word_1_5' title='bbox 63 223 157 265; x_wconf 55' lang='grc' dir='ltr'><strong>ΑΛ),</strong></span> <span class='ocrx_word' id='word_1_6' title='bbox 173 221 450 263; x_wconf 65' lang='grc' dir='ltr'>ι3πιποῦσθαι</span> <span class='ocrx_word' id='word_1_7' title='bbox 471 216 529 265; x_wconf 75' lang='grc' dir='ltr'>ὥς</span> <span class='ocrx_word' id='word_1_8' title='bbox 553 213 812 271; x_wconf 70' lang='grc' dir='ltr'><em>ἀδικουμένῳ</em></span> <span class='ocrx_word' id='word_1_9' title='bbox 838 212 1169 269; x_wconf 77' lang='grc' dir='ltr'>συναλγούντων·</span> <span class='ocrx_word' id='word_1_10' title='bbox 1196 215 1245 257; x_wconf 77' lang='grc' dir='ltr'>σὲ</span> <span class='ocrx_word' id='word_1_11' title='bbox 1270 214 1310 255; x_wconf 82' lang='grc' dir='ltr'><strong>δ’</strong></span> <span class='ocrx_word' id='word_1_12' title='bbox 1336 210 1526 262; x_wconf 76' lang='grc' dir='ltr'>ἁπάσαις</span> <span class='ocrx_word' id='word_1_13' title='bbox 1544 205 1704 269; x_wconf 65' lang='grc' dir='ltr'>ψήφοις</span> 
     </span>
     <span class='ocr_line' id='line_1_3' title="bbox 260 271 1706 335; baseline -0.006 -8"><span class='ocrx_word' id='word_1_14' title='bbox 260 283 334 327; x_wconf 79' lang='grc' dir='ltr'><em>καί</em></span> <span class='ocrx_word' id='word_1_15' title='bbox 365 285 438 326; x_wconf 79' lang='grc' dir='ltr'><strong>νῦν</strong></span> <span class='ocrx_word' id='word_1_16' title='bbox 468 282 543 322; x_wconf 85' lang='grc' dir='ltr'><em>καί</em></span> <span class='ocrx_word' id='word_1_17' title='bbox 573 275 779 335; x_wconf 83' lang='grc' dir='ltr'>πρότερον</span> <span class='ocrx_word' id='word_1_18' title='bbox 817 274 1068 322; x_wconf 75' lang='grc' dir='ltr'><em>ἁλίσκεσθαι</em></span> <span class='ocrx_word' id='word_1_19' title='bbox 1107 278 1350 321; x_wconf 76' lang='grc' dir='ltr'>ἀδικοῦντα.</span> <span class='ocrx_word' id='word_1_20' title='bbox 1399 278 1597 333; x_wconf 76' lang='grc' dir='ltr'>ἐννόησον</span> <span class='ocrx_word' id='word_1_21' title='bbox 1629 271 1706 319; x_wconf 60' lang='grc' dir='ltr'><strong>οὖν</strong></span> 
     </span>
     <span class='ocr_line' id='line_1_4' title="bbox 259 338 1707 404; baseline -0.006 -13"><span class='ocrx_word' id='word_1_22' title='bbox 259 347 379 404; x_wconf 78' lang='grc' dir='ltr'>ἡλίκη</span> <span class='ocrx_word' id='word_1_23' title='bbox 403 348 486 389; x_wconf 75' lang='grc' dir='ltr'><strong>τῶν</strong></span> <span class='ocrx_word' id='word_1_24' title='bbox 512 345 840 399; x_wconf 82' lang='grc' dir='ltr'>συμβησομένων</span> <span class='ocrx_word' id='word_1_25' title='bbox 864 346 1003 388; x_wconf 74' lang='grc' dir='ltr'>κακῶν</span> <span class='ocrx_word' id='word_1_26' title='bbox 1019 345 1092 386; x_wconf 83' lang='grc' dir='ltr'>καί</span> <span class='ocrx_word' id='word_1_27' title='bbox 1117 344 1224 400; x_wconf 84' lang='grc' dir='ltr'>πρὸς</span> <span class='ocrx_word' id='word_1_28' title='bbox 1247 345 1353 385; x_wconf 82' lang='grc' dir='ltr'>θεοῦ</span> <span class='ocrx_word' id='word_1_29' title='bbox 1374 346 1483 393; x_wconf 81' lang='grc' dir='ltr'>τίσις</span> <span class='ocrx_word' id='word_1_30' title='bbox 1509 340 1582 385; x_wconf 75' lang='grc' dir='ltr'>καὶ</span> <span class='ocrx_word' id='word_1_31' title='bbox 1602 338 1707 397; x_wconf 71' lang='grc' dir='ltr'>πρὸς</span> 
     </span>
     <span class='ocr_line' id='line_1_5' title="bbox 267 404 1707 468; baseline -0.004 -13"><span class='ocrx_word' id='word_1_32' title='bbox 267 410 505 468; x_wconf 71' lang='grc' dir='ltr'>ἀνθρώπων</span> <span class='ocrx_word' id='word_1_33' title='bbox 533 411 684 464; x_wconf 77' lang='grc' dir='ltr'>ἕψεται</span> <span class='ocrx_word' id='word_1_34' title='bbox 700 409 875 464; x_wconf 81' lang='grc' dir='ltr'>μέμψις.</span> <span class='ocrx_word' id='word_1_35' title='bbox 918 408 984 451; x_wconf 86' lang='grc' dir='ltr'><strong>διὸ</strong></span> <span class='ocrx_word' id='word_1_36' title='bbox 1007 408 1058 465; x_wconf 79' lang='grc' dir='ltr'><strong>δή</strong></span> <span class='ocrx_word' id='word_1_37' title='bbox 1090 407 1166 451; x_wconf 79' lang='grc' dir='ltr'><em>καί</em></span> <span class='ocrx_word' id='word_1_38' title='bbox 1188 404 1317 459; x_wconf 76' lang='grc' dir='ltr'>αὖθίς</span> <span class='ocrx_word' id='word_1_39' title='bbox 1338 424 1413 451; x_wconf 89' lang='grc' dir='ltr'>σου</span> <span class='ocrx_word' id='word_1_40' title='bbox 1435 409 1601 462; x_wconf 80' lang='grc' dir='ltr'>δέομαι,</span> <span class='ocrx_word' id='word_1_41' title='bbox 1625 409 1707 462; x_wconf 80' lang='grc' dir='ltr'>βα-</span> 
     </span>
     <span class='ocr_line' id='line_1_6' title="bbox 259 473 1730 531; baseline -0.005 -11"><span class='ocrx_word' id='word_1_42' title='bbox 259 478 399 530; x_wconf 79' lang='grc' dir='ltr'>σιλεῦ’,</span> <span class='ocrx_word' id='word_1_43' title='bbox 439 476 512 519; x_wconf 84' lang='grc' dir='ltr'><em>καί</em></span> <span class='ocrx_word' id='word_1_44' title='bbox 535 476 617 518; x_wconf 80' lang='grc' dir='ltr'><strong>τῶν</strong></span> <span class='ocrx_word' id='word_1_45' title='bbox 646 474 843 531; x_wconf 73' lang='grc' dir='ltr'>ὑπηκόων</span> <span class='ocrx_word' id='word_1_46' title='bbox 874 473 990 518; x_wconf 77' lang='grc' dir='ltr'>ἔλεον</span> <span class='ocrx_word' id='word_1_47' title='bbox 1017 474 1176 529; x_wconf 81' lang='grc' dir='ltr'>σχόντα</span> <span class='ocrx_word' id='word_1_48' title='bbox 1206 476 1280 517; x_wconf 83' lang='grc' dir='ltr'>καί</span> <span class='ocrx_word' id='word_1_49' title='bbox 1313 475 1392 516; x_wconf 76' lang='grc' dir='ltr'><strong>τοῦ</strong></span> <span class='ocrx_word' id='word_1_50' title='bbox 1425 473 1632 528; x_wconf 79' lang='grc' dir='ltr'>βασιλέως</span> <span class='ocrx_word' id='word_1_51' title='bbox 1658 478 1730 521; x_wconf 77' lang='grc' dir='ltr'><strong>τε5</strong></span> 
     </span>
     <span class='ocr_line' id='line_1_7' title="bbox 259 538 1707 597; baseline -0.005 -11"><span class='ocrx_word' id='word_1_52' title='bbox 259 545 333 587; x_wconf 82' lang='grc' dir='ltr'>καί</span> <span class='ocrx_word' id='word_1_53' title='bbox 358 540 509 591; x_wconf 86' lang='grc' dir='ltr'>παιδὸς</span> <span class='ocrx_word' id='word_1_54' title='bbox 543 540 617 584; x_wconf 83' lang='grc' dir='ltr'><em>καί</em></span> <span class='ocrx_word' id='word_1_55' title='bbox 647 541 778 583; x_wconf 74' lang='grc' dir='ltr'>αὐτοῦ</span> <span class='ocrx_word' id='word_1_56' title='bbox 815 542 863 583; x_wconf 79' lang='grc' dir='ltr'><strong>δὲ</strong></span> <span class='ocrx_word' id='word_1_57' title='bbox 893 542 998 595; x_wconf 80' lang='grc' dir='ltr'>σοῦ’,</span> <span class='ocrx_word' id='word_1_58' title='bbox 1037 539 1148 583; x_wconf 78' lang='grc' dir='ltr'>οὕτω</span> <span class='ocrx_word' id='word_1_59' title='bbox 1171 538 1287 597; x_wconf 71' lang='grc' dir='ltr'>παρὰ</span> <span class='ocrx_word' id='word_1_60' title='bbox 1310 540 1551 594; x_wconf 70' lang='grc' dir='ltr'>“Ρωμαίοις</span> <span class='ocrx_word' id='word_1_61' title='bbox 1579 540 1707 585; x_wconf 77' lang='grc' dir='ltr'>πᾶσιν</span> 
     </span>
     <span class='ocr_line' id='line_1_8' title="bbox 259 601 1707 664; baseline -0.002 -14"><span class='ocrx_word' id='word_1_62' title='bbox 259 608 562 661; x_wconf 75' lang='grc' dir='ltr'>ἐπαινουμένου</span> <span class='ocrx_word' id='word_1_63' title='bbox 589 608 663 648; x_wconf 85' lang='grc' dir='ltr'><em>καί</em></span> <span class='ocrx_word' id='word_1_64' title='bbox 689 603 747 656; x_wconf 75' lang='grc' dir='ltr'>ὥς</span> <span class='ocrx_word' id='word_1_65' title='bbox 763 623 875 656; x_wconf 89' lang='grc' dir='ltr'>τινος</span> <span class='ocrx_word' id='word_1_66' title='bbox 895 608 977 650; x_wconf 71' lang='grc' dir='ltr'><strong>τῶν</strong></span> <span class='ocrx_word' id='word_1_67' title='bbox 1000 605 1242 664; x_wconf 81' lang='grc' dir='ltr'>κρειττόνων</span> <span class='ocrx_word' id='word_1_68' title='bbox 1261 605 1604 660; x_wconf 71' lang='grc' dir='ltr'>θαυμαζομένου,</span> <span class='ocrx_word' id='word_1_69' title='bbox 1631 601 1707 649; x_wconf 73' lang='grc' dir='ltr'>τὸν</span> 
     </span>
     <span class='ocr_line' id='line_1_9' title="bbox 260 668 1707 728; baseline -0.003 -13"><span class='ocrx_word' id='word_1_70' title='bbox 260 673 442 727; x_wconf 80' lang='grc' dir='ltr'>πόλεμον</span> <span class='ocrx_word' id='word_1_71' title='bbox 472 674 730 725; x_wconf 78' lang='grc' dir='ltr'>καταλῦσαι,</span> <span class='ocrx_word' id='word_1_72' title='bbox 771 673 1106 728; x_wconf 76' lang='grc' dir='ltr'>προσδεξάμενον</span> <span class='ocrx_word' id='word_1_73' title='bbox 1129 669 1214 727; x_wconf 66' lang='grc' dir='ltr'>τήν»</span> <span class='ocrx_word' id='word_1_74' title='bbox 1232 669 1413 727; x_wconf 81' lang='grc' dir='ltr'>εἰρήνην·</span> <span class='ocrx_word' id='word_1_75' title='bbox 1453 668 1527 714; x_wconf 76' lang='grc' dir='ltr'>καὶ</span> <span class='ocrx_word' id='word_1_76' title='bbox 1546 668 1606 725; x_wconf 78' lang='grc' dir='ltr'><strong>μὴ</strong></span> <span class='ocrx_word' id='word_1_77' title='bbox 1628 676 1707 712; x_wconf 57' lang='grc' dir='ltr'>ατε-ψ</span> 
     </span>
    </p>

    <p class='ocr_par' dir='ltr' id='par_1_3' title="bbox 151 733 1759 1056">
     <span class='ocr_line' id='line_1_10' title="bbox 151 733 1706 797; baseline -0.005 -15"><span class='ocrx_word' id='word_1_78' title='bbox 151 748 186 784; x_wconf 90' lang='grc' dir='ltr'><strong>Ρ.</strong></span> <span class='ocrx_word' id='word_1_79' title='bbox 201 744 247 784; x_wconf 86' lang='grc'><strong>83</strong></span> <span class='ocrx_word' id='word_1_80' title='bbox 260 741 408 797; x_wconf 83' lang='grc' dir='ltr'>ριϊδεῖν</span> <span class='ocrx_word' id='word_1_81' title='bbox 438 738 485 780; x_wconf 86' lang='grc' dir='ltr'><strong>τὸ</strong></span> <span class='ocrx_word' id='word_1_82' title='bbox 509 739 589 790; x_wconf 82' lang='grc' dir='ltr'>μὲν</span> <span class='ocrx_word' id='word_1_83' title='bbox 615 736 800 793; x_wconf 68' lang='grc' dir='ltr'>ὑπήκοον</span> <span class='ocrx_word' id='word_1_84' title='bbox 822 735 905 779; x_wconf 76' lang='grc' dir='ltr'><strong>ὑπὸ</strong></span> <span class='ocrx_word' id='word_1_85' title='bbox 937 739 1013 780; x_wconf 77' lang='grc' dir='ltr'><strong>τοῦ</strong></span> <span class='ocrx_word' id='word_1_86' title='bbox 1043 738 1227 791; x_wconf 85' lang='grc' dir='ltr'>πολέμου</span> <span class='ocrx_word' id='word_1_87' title='bbox 1257 736 1518 793; x_wconf 77' lang='grc' dir='ltr'>διαφθαρὲν,</span> <span class='ocrx_word' id='word_1_88' title='bbox 1553 733 1629 781; x_wconf 77' lang='grc' dir='ltr'><strong>τὸν</strong></span> <span class='ocrx_word' id='word_1_89' title='bbox 1658 734 1706 776; x_wconf 78' lang='grc' dir='ltr'><strong>δὲ</strong></span> 
     </span>
     <span class='ocr_line' id='line_1_11' title="bbox 260 796 1759 858; baseline -0.003 -12"><span class='ocrx_word' id='word_1_90' title='bbox 260 802 337 847; x_wconf 82' lang='grc' dir='ltr'><strong>σὸν</strong></span> <span class='ocrx_word' id='word_1_91' title='bbox 368 802 534 858; x_wconf 79' lang='grc' dir='ltr'>ἔγγονον</span> <span class='ocrx_word' id='word_1_92' title='bbox 561 803 633 845; x_wconf 85' lang='grc' dir='ltr'><em>καί</em></span> <span class='ocrx_word' id='word_1_93' title='bbox 669 803 848 856; x_wconf 79' lang='grc' dir='ltr'>βασιλέα</span> <span class='ocrx_word' id='word_1_94' title='bbox 885 797 914 857; x_wconf 77' lang='grc' dir='ltr'><em>ἢ</em></span> <span class='ocrx_word' id='word_1_95' title='bbox 947 803 1175 858; x_wconf 85' lang='grc' dir='ltr'>νικήσαντα</span> <span class='ocrx_word' id='word_1_96' title='bbox 1209 801 1346 857; x_wconf 80' lang='grc' dir='ltr'>πάσης</span> <span class='ocrx_word' id='word_1_97' title='bbox 1386 796 1512 857; x_wconf 78' lang='grc' dir='ltr'>ἥττης</span> <span class='ocrx_word' id='word_1_98' title='bbox 1549 797 1759 854; x_wconf 69' lang='grc' dir='ltr'>αἰσχίωω</span> 
     </span>
     <span class='ocr_line' id='line_1_12' title="bbox 259 862 1708 927; baseline -0.004 -16"><span class='ocrx_word' id='word_1_99' title='bbox 259 869 426 925; x_wconf 80' lang='grc' dir='ltr'>νικῆσαι</span> <span class='ocrx_word' id='word_1_100' title='bbox 449 869 584 927; x_wconf 83' lang='grc' dir='ltr'>νίκην,</span> <span class='ocrx_word' id='word_1_101' title='bbox 629 867 812 924; x_wconf 86' lang='grc' dir='ltr'>(πατέρα</span> <span class='ocrx_word' id='word_1_102' title='bbox 834 866 916 923; x_wconf 82' lang='grc' dir='ltr'>γὰρ</span> <span class='ocrx_word' id='word_1_103' title='bbox 947 867 1139 925; x_wconf 83' lang='grc' dir='ltr'>νικήσει,)</span> <span class='ocrx_word' id='word_1_104' title='bbox 1167 862 1195 923; x_wconf 82' lang='grc' dir='ltr'><em>ἢ</em></span> <span class='ocrx_word' id='word_1_105' title='bbox 1216 864 1447 922; x_wconf 73' lang='grc' dir='ltr'>ἡττηθέντα</span> <span class='ocrx_word' id='word_1_106' title='bbox 1476 865 1632 914; x_wconf 75' lang='grc' dir='ltr'>α’δύεως</span> <span class='ocrx_word' id='word_1_107' title='bbox 1661 879 1708 906; x_wconf 81' lang='grc' dir='ltr'><strong>τε</strong></span> 
     </span>
     <span class='ocr_line' id='line_1_13' title="bbox 264 926 1707 989; baseline -0.001 -14"><span class='ocrx_word' id='word_1_108' title='bbox 264 932 374 987; x_wconf 76' lang='grc' dir='ltr'>ὁμοῦ</span> <span class='ocrx_word' id='word_1_109' title='bbox 398 932 472 975; x_wconf 82' lang='grc' dir='ltr'><em>καί</em></span> <span class='ocrx_word' id='word_1_110' title='bbox 497 931 612 989; x_wconf 79' lang='grc' dir='ltr'>παρὰ</span> <span class='ocrx_word' id='word_1_111' title='bbox 644 932 802 989; x_wconf 86' lang='grc' dir='ltr'>πατρὸς</span> <span class='ocrx_word' id='word_1_112' title='bbox 831 934 1060 975; x_wconf 77' lang='grc' dir='ltr'>ἀποθανεῖν</span> <span class='ocrx_word' id='word_1_113' title='bbox 1070 966 1083 986; x_wconf 88' lang='grc'>,</span> <span class='ocrx_word' id='word_1_114' title='bbox 1111 931 1177 986; x_wconf 89' lang='grc' dir='ltr'><strong>τό,</strong></span> <span class='ocrx_word' id='word_1_115' title='bbox 1198 948 1241 974; x_wconf 87' lang='grc' dir='ltr'><strong>τε</strong></span> <span class='ocrx_word' id='word_1_116' title='bbox 1270 931 1345 975; x_wconf 83' lang='grc' dir='ltr'><strong>σόν</strong></span> <span class='ocrx_word' id='word_1_117' title='bbox 1361 926 1495 985; x_wconf 70' lang='grc' dir='ltr'>ὄνομα</span> <span class='ocrx_word' id='word_1_118' title='bbox 1517 928 1566 973; x_wconf 83' lang='grc' dir='ltr'><strong>τὸ</strong></span> <span class='ocrx_word' id='word_1_119' title='bbox 1591 926 1707 988; x_wconf 73' lang='grc' dir='ltr'>παρὰ</span> 
     </span>
     <span class='ocr_line' id='line_1_14' title="bbox 260 992 1711 1056; baseline 0.001 -15"><span class='ocrx_word' id='word_1_120' title='bbox 260 997 424 1041; x_wconf 81' lang='grc' dir='ltr'>πάντων</span> <span class='ocrx_word' id='word_1_121' title='bbox 460 997 667 1056; x_wconf 74' lang='grc' dir='ltr'>ᾀδόμενον</span> <span class='ocrx_word' id='word_1_122' title='bbox 698 995 779 1041; x_wconf 78' lang='grc' dir='ltr'>σύν</span> <span class='ocrx_word' id='word_1_123' title='bbox 806 997 1021 1055; x_wconf 70' lang='grc' dir='ltr'>εὐφημίᾳ,</span> <span class='ocrx_word' id='word_1_124' title='bbox 1062 996 1464 1052; x_wconf 33' lang='grc' dir='ltr'>διαβαλλόμενονιέξ</span> <span class='ocrx_word' id='word_1_125' title='bbox 1489 992 1711 1052; x_wconf 70' lang='grc' dir='ltr'>ἀντιστρό-</span> 
     </span>
    </p>

    <p class='ocr_par' dir='ltr' id='par_1_4' title="bbox 259 1059 1764 1250">
     <span class='ocr_line' id='line_1_15' title="bbox 261 1059 1711 1121; baseline -0.001 -16"><span class='ocrx_word' id='word_1_126' title='bbox 261 1067 387 1121; x_wconf 84' lang='grc' dir='ltr'>φου.”</span> <span class='ocrx_word' id='word_1_127' title='bbox 448 1065 632 1106; x_wconf 80' lang='grc' dir='ltr'>Τοιαῦτα</span> <span class='ocrx_word' id='word_1_128' title='bbox 658 1061 788 1106; x_wconf 77' lang='grc' dir='ltr'>εἰπών</span> <span class='ocrx_word' id='word_1_129' title='bbox 817 1062 841 1104; x_wconf 77' lang='grc' dir='ltr'><em>ὅ</em></span> <span class='ocrx_word' id='word_1_130' title='bbox 870 1065 1214 1119; x_wconf 81' lang='grc' dir='ltr'>Καλοχαιρέτης,</span> <span class='ocrx_word' id='word_1_131' title='bbox 1243 1063 1317 1105; x_wconf 80' lang='grc' dir='ltr'><em>καί</em></span> <span class='ocrx_word' id='word_1_132' title='bbox 1342 1059 1446 1119; x_wconf 80' lang='grc' dir='ltr'>πρὸς</span> <span class='ocrx_word' id='word_1_133' title='bbox 1463 1060 1606 1113; x_wconf 59' lang='lat' dir='ltr'><strong>niciae</strong></span> <span class='ocrx_word' id='word_1_134' title='bbox 1629 1064 1711 1116; x_wconf 81' lang='grc' dir='ltr'>βα-</span> 
     </span>
     <span class='ocr_line' id='line_1_16' title="bbox 260 1127 1764 1185; baseline 0.001 -14"><span class='ocrx_word' id='word_1_135' title='bbox 260 1132 408 1179; x_wconf 87' lang='grc' dir='ltr'>σιλέως</span> <span class='ocrx_word' id='word_1_136' title='bbox 454 1130 527 1171; x_wconf 84' lang='grc' dir='ltr'><em>καί</em></span> <span class='ocrx_word' id='word_1_137' title='bbox 559 1130 644 1171; x_wconf 76' lang='grc' dir='ltr'><strong>τῶν</strong></span> <span class='ocrx_word' id='word_1_138' title='bbox 677 1127 898 1185; x_wconf 76' lang='grc' dir='ltr'>παρόντων</span> <span class='ocrx_word' id='word_1_139' title='bbox 934 1129 1104 1177; x_wconf 78' lang='grc' dir='ltr'>πεύσεις</span> <span class='ocrx_word' id='word_1_140' title='bbox 1148 1131 1220 1171; x_wconf 82' lang='grc' dir='ltr'><em>καί</em></span> <span class='ocrx_word' id='word_1_141' title='bbox 1261 1129 1494 1178; x_wconf 69' lang='grc' dir='ltr'>ἀντιθέσεις</span> <span class='ocrx_word' id='word_1_142' title='bbox 1529 1128 1764 1176; x_wconf 69' lang='grc' dir='ltr'>συνετῶςιό</span> 
     </span>
     <span class='ocr_line' id='line_1_17' title="bbox 259 1190 1711 1250; baseline -0.002 -13"><span class='ocrx_word' id='word_1_143' title='bbox 259 1190 364 1250; x_wconf 74' lang='grc' dir='ltr'>ι’ἰγαν</span> <span class='ocrx_word' id='word_1_144' title='bbox 395 1193 470 1244; x_wconf 78' lang='grc' dir='ltr'>τοὶς</span> <span class='ocrx_word' id='word_1_145' title='bbox 503 1191 744 1250; x_wconf 75' lang='grc' dir='ltr'>ἀποκρίσεις</span> <span class='ocrx_word' id='word_1_146' title='bbox 766 1192 1108 1249; x_wconf 76' lang='grc' dir='ltr'>ἄνθυπενεγκών,</span> <span class='ocrx_word' id='word_1_147' title='bbox 1147 1198 1384 1237; x_wconf 86' lang='grc' dir='ltr'>τελευταῖον</span> <span class='ocrx_word' id='word_1_148' title='bbox 1417 1192 1572 1238; x_wconf 73' lang='grc' dir='ltr'>ἑαυτὸν</span> <span class='ocrx_word' id='word_1_149' title='bbox 1602 1192 1711 1250; x_wconf 81' lang='grc' dir='ltr'>πρός</span> 
     </span>
    </p>

    <p class='ocr_par' dir='ltr' id='par_1_5' title="bbox 153 1254 1712 1316">
     <span class='ocr_line' id='line_1_18' title="bbox 153 1254 1712 1316; baseline 0 -15"><span class='ocrx_word' id='word_1_150' title='bbox 153 1265 196 1304; x_wconf 85' lang='lat' dir='ltr'><strong>V.</strong></span> <span class='ocrx_word' id='word_1_151' title='bbox 208 1266 251 1312; x_wconf 80' lang='lat'><strong>67</strong></span> <span class='ocrx_word' id='word_1_152' title='bbox 263 1260 362 1309; x_wconf 79' lang='grc' dir='ltr'>τούς</span> <span class='ocrx_word' id='word_1_153' title='bbox 396 1261 604 1314; x_wconf 82' lang='grc' dir='ltr'>βασιλέως</span> <span class='ocrx_word' id='word_1_154' title='bbox 629 1259 880 1309; x_wconf 79' lang='grc' dir='ltr'>κατακλίνας</span> <span class='ocrx_word' id='word_1_155' title='bbox 908 1261 1068 1313; x_wconf 89' lang='grc' dir='ltr'>πόδας,</span> <span class='ocrx_word' id='word_1_156' title='bbox 1110 1261 1244 1302; x_wconf 79' lang='grc' dir='ltr'>ἐδεῖτο</span> <span class='ocrx_word' id='word_1_157' title='bbox 1271 1263 1371 1313; x_wconf 81' lang='grc' dir='ltr'>μεθ’</span> <span class='ocrx_word' id='word_1_158' title='bbox 1397 1255 1498 1316; x_wconf 76' lang='grc' dir='ltr'>ὅσης</span> <span class='ocrx_word' id='word_1_159' title='bbox 1523 1254 1712 1314; x_wconf 76' lang='grc' dir='ltr'>σπουδῆς</span> 
     </span>
    </p>

    <p class='ocr_par' dir='ltr' id='par_1_6' title="bbox 256 1322 1712 1382">
     <span class='ocr_line' id='line_1_19' title="bbox 256 1322 1712 1382; baseline -0.001 -15"><span class='ocrx_word' id='word_1_160' title='bbox 256 1324 316 1382; x_wconf 81' lang='grc' dir='ltr'><strong>μὴ</strong></span> <span class='ocrx_word' id='word_1_161' title='bbox 346 1322 603 1367; x_wconf 74' lang='grc' dir='ltr'>ἀπώσασθαι</span> <span class='ocrx_word' id='word_1_162' title='bbox 622 1323 699 1380; x_wconf 85' lang='grc' dir='ltr'><strong>τήν</strong></span> <span class='ocrx_word' id='word_1_163' title='bbox 729 1324 916 1381; x_wconf 82' lang='grc' dir='ltr'>εἰρήνην,</span> <span class='ocrx_word' id='word_1_164' title='bbox 954 1326 1063 1380; x_wconf 81' lang='grc' dir='ltr'>μηδὲ</span> <span class='ocrx_word' id='word_1_165' title='bbox 1089 1322 1164 1367; x_wconf 86' lang='grc' dir='ltr'><strong>τὸν</strong></span> <span class='ocrx_word' id='word_1_166' title='bbox 1187 1327 1231 1375; x_wconf 77' lang='grc' dir='ltr'><strong>ἐξ</strong></span> <span class='ocrx_word' id='word_1_167' title='bbox 1251 1326 1387 1382; x_wconf 80' lang='grc' dir='ltr'>ἀρχῆς</span> <span class='ocrx_word' id='word_1_168' title='bbox 1417 1323 1712 1382; x_wconf 76' lang='grc' dir='ltr'>ἀνθρωποκτό-</span> 
     </span>
    </p>

    <p class='ocr_par' dir='ltr' id='par_1_7' title="bbox 261 1387 1713 1447">
     <span class='ocr_line' id='line_1_20' title="bbox 261 1387 1713 1447; baseline -0.001 -13"><span class='ocrx_word' id='word_1_169' title='bbox 261 1408 333 1434; x_wconf 89' lang='grc' dir='ltr'><strong>νον</strong></span> <span class='ocrx_word' id='word_1_170' title='bbox 355 1393 430 1433; x_wconf 83' lang='grc' dir='ltr'><em>καί</em></span> <span class='ocrx_word' id='word_1_171' title='bbox 447 1387 677 1447; x_wconf 84' lang='grc' dir='ltr'>φθονερὸν,</span> <span class='ocrx_word' id='word_1_172' title='bbox 707 1387 815 1432; x_wconf 75' lang='grc' dir='ltr'>ἄλλα</span> <span class='ocrx_word' id='word_1_173' title='bbox 844 1389 918 1432; x_wconf 77' lang='grc' dir='ltr'><strong>τὸν</strong></span> <span class='ocrx_word' id='word_1_174' title='bbox 939 1389 1197 1447; x_wconf 85' lang='grc' dir='ltr'>εἰρηνοποιόν</span> <span class='ocrx_word' id='word_1_175' title='bbox 1225 1391 1429 1447; x_wconf 66' lang='grc' dir='ltr'>λ’ριστὸν,</span> <span class='ocrx_word' id='word_1_176' title='bbox 1457 1389 1529 1435; x_wconf 84' lang='grc' dir='ltr'><strong>τὸν</strong></span> <span class='ocrx_word' id='word_1_177' title='bbox 1549 1389 1602 1434; x_wconf 79' lang='grc' dir='ltr'><strong>τοὶ</strong></span> <span class='ocrx_word' id='word_1_178' title='bbox 1626 1392 1713 1432; x_wconf 84' lang='grc' dir='ltr'>διε-</span> 
     </span>
    </p>

    <p class='ocr_par' dir='ltr' id='par_1_8' title="bbox 262 1453 1768 1512">
     <span class='ocr_line' id='line_1_21' title="bbox 262 1453 1768 1512; baseline 0 -12"><span class='ocrx_word' id='word_1_179' title='bbox 262 1458 406 1501; x_wconf 76' lang='grc' dir='ltr'>στῶτα</span> <span class='ocrx_word' id='word_1_180' title='bbox 442 1455 720 1510; x_wconf 82' lang='grc' dir='ltr'>συνάψαντα,</span> <span class='ocrx_word' id='word_1_181' title='bbox 760 1461 879 1510; x_wconf 84' lang='grc' dir='ltr'>σχεῖν</span> <span class='ocrx_word' id='word_1_182' title='bbox 911 1454 959 1497; x_wconf 85' lang='grc' dir='ltr'><strong>τὸ</strong></span> <span class='ocrx_word' id='word_1_183' title='bbox 993 1458 1130 1499; x_wconf 84' lang='grc' dir='ltr'>πλέον.</span> <span class='ocrx_word' id='word_1_184' title='bbox 1180 1455 1418 1512; x_wconf 73' lang='grc' dir='ltr'>ἀναστήσας</span> <span class='ocrx_word' id='word_1_185' title='bbox 1452 1458 1500 1500; x_wconf 81' lang='grc' dir='ltr'><strong>δὲ</strong></span> <span class='ocrx_word' id='word_1_186' title='bbox 1532 1453 1660 1500; x_wconf 80' lang='grc' dir='ltr'>αὖτὸν</span> <span class='ocrx_word' id='word_1_187' title='bbox 1685 1456 1768 1500; x_wconf 74' lang='lat'><strong>520</strong></span> 
     </span>
    </p>

    <p class='ocr_par' dir='ltr' id='par_1_9' title="bbox 222 1518 1715 1578">
     <span class='ocr_line' id='line_1_22' title="bbox 222 1518 1715 1578; baseline -0.001 -12"><span class='ocrx_word' id='word_1_188' title='bbox 222 1534 250 1566; x_wconf 88' lang='grc' dir='ltr'>Β</span> <span class='ocrx_word' id='word_1_189' title='bbox 261 1520 461 1576; x_wconf 79' lang='grc' dir='ltr'>βασιλεὺς</span> <span class='ocrx_word' id='word_1_190' title='bbox 497 1524 571 1563; x_wconf 82' lang='grc' dir='ltr'><em>καί</em></span> <span class='ocrx_word' id='word_1_191' title='bbox 603 1521 867 1578; x_wconf 73' lang='grc' dir='ltr'>εὐχαριστεῖν</span> <span class='ocrx_word' id='word_1_192' title='bbox 907 1519 1058 1576; x_wconf 75' lang='grc' dir='ltr'>εἰπών,</span> <span class='ocrx_word' id='word_1_193' title='bbox 1093 1518 1188 1575; x_wconf 65' lang='lat' dir='ltr'><strong>„fin</strong></span> <span class='ocrx_word' id='word_1_194' title='bbox 1214 1521 1352 1565; x_wconf 78' lang='grc' dir='ltr'>ἐλθών</span> <span class='ocrx_word' id='word_1_195' title='bbox 1378 1523 1574 1575; x_wconf 73' lang='grc' dir='ltr'>ἐδίδαξας</span> <span class='ocrx_word' id='word_1_196' title='bbox 1602 1523 1715 1578; x_wconf 81' lang='grc' dir='ltr'>ἡμᾶς</span> 
     </span>
    </p>

    <p class='ocr_par' dir='ltr' id='par_1_10' title="bbox 263 1584 1716 1643">
     <span class='ocr_line' id='line_1_23' title="bbox 263 1584 1716 1643; baseline 0.001 -14"><span class='ocrx_word' id='word_1_197' title='bbox 263 1588 560 1643; x_wconf 81' lang='grc' dir='ltr'>οἶρκούντως”,</span> <span class='ocrx_word' id='word_1_198' title='bbox 602 1594 691 1637; x_wconf 87' lang='grc' dir='ltr'>τοῖς</span> <span class='ocrx_word' id='word_1_199' title='bbox 729 1586 1032 1629; x_wconf 78' lang='grc' dir='ltr'>ἀπεσταλκόσιν</span> <span class='ocrx_word' id='word_1_200' title='bbox 1066 1588 1254 1630; x_wconf 76' lang='grc' dir='ltr'>ἐκέλευεν</span> <span class='ocrx_word' id='word_1_201' title='bbox 1297 1584 1571 1642; x_wconf 72' lang='grc' dir='ltr'>ἀπαγγέλλειν</span> <span class='ocrx_word' id='word_1_202' title='bbox 1590 1621 1604 1642; x_wconf 86' lang='grc'>,</span> <span class='ocrx_word' id='word_1_203' title='bbox 1655 1588 1716 1638; x_wconf 75' lang='grc' dir='ltr'>ὥς</span> 
     </span>
    </p>

    <p class='ocr_par' dir='ltr' id='par_1_11' title="bbox 264 1648 1714 1709">
     <span class='ocr_line' id='line_1_24' title="bbox 264 1648 1714 1709; baseline -0.001 -14"><span class='ocrx_word' id='word_1_204' title='bbox 264 1653 447 1695; x_wconf 74' lang='grc' dir='ltr'>ἀσύνετα</span> <span class='ocrx_word' id='word_1_205' title='bbox 494 1653 914 1709; x_wconf 85' lang='grc' dir='ltr'>διαπρεσβευομένοις</span> <span class='ocrx_word' id='word_1_206' title='bbox 953 1650 1050 1694; x_wconf 71' lang='grc' dir='ltr'>οὐδ’</span> <span class='ocrx_word' id='word_1_207' title='bbox 1092 1651 1222 1703; x_wconf 76' lang='grc' dir='ltr'>αὐτὸς</span> <span class='ocrx_word' id='word_1_208' title='bbox 1256 1648 1309 1695; x_wconf 72' lang='grc' dir='ltr'>ἂν</span> <span class='ocrx_word' id='word_1_209' title='bbox 1342 1650 1569 1709; x_wconf 75' lang='grc' dir='ltr'>ἀπόκρισιν</span> <span class='ocrx_word' id='word_1_210' title='bbox 1607 1655 1714 1709; x_wconf 83' lang='grc' dir='ltr'>δοίη·</span> 
     </span>
    </p>

    <p class='ocr_par' dir='ltr' id='par_1_12' title="bbox 263 1713 1715 1843">
     <span class='ocr_line' id='line_1_25' title="bbox 263 1713 1715 1775; baseline 0.001 -15"><span class='ocrx_word' id='word_1_211' title='bbox 263 1714 551 1775; x_wconf 67' lang='grc' dir='ltr'>ἀποκρινεῖται</span> <span class='ocrx_word' id='word_1_212' title='bbox 584 1720 634 1760; x_wconf 77' lang='grc' dir='ltr'><strong>δ’</strong></span> <span class='ocrx_word' id='word_1_213' title='bbox 666 1715 810 1773; x_wconf 74' lang='grc' dir='ltr'>αὖθις,</span> <span class='ocrx_word' id='word_1_214' title='bbox 836 1713 889 1760; x_wconf 70' lang='grc' dir='ltr'>ἂν</span> <span class='ocrx_word' id='word_1_215' title='bbox 910 1719 985 1760; x_wconf 83' lang='grc' dir='ltr'><em>καί</em></span> <span class='ocrx_word' id='word_1_216' title='bbox 1009 1719 1136 1760; x_wconf 76' lang='grc' dir='ltr'>αὖτοί</span> <span class='ocrx_word' id='word_1_217' title='bbox 1156 1717 1501 1773; x_wconf 81' lang='grc' dir='ltr'>πρεσβεύσωνται</span> <span class='ocrx_word' id='word_1_218' title='bbox 1523 1720 1715 1770; x_wconf 75' lang='grc' dir='ltr'>συνετῶς.</span> 
     </span>
     <span class='ocr_line' id='line_1_26' title="bbox 360 1787 1549 1843; baseline -0.001 -12"><span class='ocrx_word' id='word_1_219' title='bbox 360 1799 414 1835; x_wconf 83' lang='lat'><strong>18.</strong></span> <span class='ocrx_word' id='word_1_220' title='bbox 438 1787 559 1830; x_wconf 82' lang='lat' dir='ltr'><strong>Ioann.</strong></span> <span class='ocrx_word' id='word_1_221' title='bbox 587 1798 619 1831; x_wconf 89' lang='grc'><strong>8.</strong></span> <span class='ocrx_word' id='word_1_222' title='bbox 645 1797 726 1831; x_wconf 88' lang='lat' dir='ltr'><strong>ED.</strong></span> <span class='ocrx_word' id='word_1_223' title='bbox 750 1797 790 1830; x_wconf 91' lang='lat' dir='ltr'><strong>P.</strong></span> <span class='ocrx_word' id='word_1_224' title='bbox 890 1808 940 1842; x_wconf 90' lang='lat'><strong>19.</strong></span> <span class='ocrx_word' id='word_1_225' title='bbox 966 1795 1097 1843; x_wconf 87' lang='lat' dir='ltr'><strong>Ephes.</strong></span> <span class='ocrx_word' id='word_1_226' title='bbox 1125 1809 1155 1832; x_wconf 86' lang='lat'><strong>2.</strong></span> <span class='ocrx_word' id='word_1_227' title='bbox 1180 1794 1290 1831; x_wconf 82' lang='lat' dir='ltr'><strong>Idem.</strong></span> <span class='ocrx_word' id='word_1_228' title='bbox 1448 1790 1451 1793; x_wconf 45' lang='grc'>’</span> <span class='ocrx_word' id='word_1_229' title='bbox 1546 1796 1549 1800; x_wconf 74' lang='grc'>’</span> 
     </span>
    </p>
   </div>
   <div class='ocr_carea' id='block_1_3' title="bbox 263 1865 1783 2749">
    <p class='ocr_par' dir='ltr' id='par_1_13' title="bbox 263 1865 1783 2749">
     <span class='ocr_line' id='line_1_27' title="bbox 266 1865 1714 1912; baseline 0.001 -12"><span class='ocrx_word' id='word_1_230' title='bbox 266 1866 569 1900; x_wconf 87' lang='lat' dir='ltr'><strong>condemnabere.</strong></span> <span class='ocrx_word' id='word_1_231' title='bbox 618 1866 756 1899; x_wconf 86' lang='lat' dir='ltr'>Tecum</span> <span class='ocrx_word' id='word_1_232' title='bbox 781 1866 892 1910; x_wconf 84' lang='lat' dir='ltr'><strong>igitur</strong></span> <span class='ocrx_word' id='word_1_233' title='bbox 918 1865 1107 1910; x_wconf 81' lang='lat' dir='ltr'><strong>expende,</strong></span> <span class='ocrx_word' id='word_1_234' title='bbox 1135 1871 1269 1912; x_wconf 82' lang='lat' dir='ltr'><strong>quanta</strong></span> <span class='ocrx_word' id='word_1_235' title='bbox 1299 1871 1337 1900; x_wconf 87' lang='lat' dir='ltr'><strong>te</strong></span> <span class='ocrx_word' id='word_1_236' title='bbox 1370 1872 1520 1912; x_wconf 81' lang='lat' dir='ltr'><strong>propter</strong></span> <span class='ocrx_word' id='word_1_237' title='bbox 1550 1868 1714 1902; x_wconf 79' lang='lat' dir='ltr'><strong>exoritu-</strong></span> 
     </span>
     <span class='ocr_line' id='line_1_28' title="bbox 263 1911 1713 1957; baseline 0.001 -11"><span class='ocrx_word' id='word_1_238' title='bbox 263 1925 318 1946; x_wconf 84' lang='lat' dir='ltr'><strong>ras</strong></span> <span class='ocrx_word' id='word_1_239' title='bbox 344 1913 565 1946; x_wconf 84' lang='lat' dir='ltr'><strong>calamitates</strong></span> <span class='ocrx_word' id='word_1_240' title='bbox 598 1917 635 1944; x_wconf 89' lang='lat' dir='ltr'><strong>et</strong></span> <span class='ocrx_word' id='word_1_241' title='bbox 669 1911 767 1956; x_wconf 85' lang='lat' dir='ltr'><strong>apud</strong></span> <span class='ocrx_word' id='word_1_242' title='bbox 797 1913 917 1945; x_wconf 87' lang='lat' dir='ltr'><strong>Deum</strong></span> <span class='ocrx_word' id='word_1_243' title='bbox 946 1924 1065 1957; x_wconf 83' lang='lat' dir='ltr'><strong>poena</strong></span> <span class='ocrx_word' id='word_1_244' title='bbox 1099 1918 1135 1946; x_wconf 86' lang='lat' dir='ltr'><strong>et</strong></span> <span class='ocrx_word' id='word_1_245' title='bbox 1172 1913 1269 1956; x_wconf 88' lang='lat' dir='ltr'><strong>apud</strong></span> <span class='ocrx_word' id='word_1_246' title='bbox 1311 1911 1476 1947; x_wconf 88' lang='lat' dir='ltr'><strong>homines</strong></span> <span class='ocrx_word' id='word_1_247' title='bbox 1517 1914 1713 1948; x_wconf 72' lang='lat' dir='ltr'><strong>insectatio</strong></span> 
     </span>
     <span class='ocr_line' id='line_1_29' title="bbox 263 1958 1710 2003; baseline 0.002 -11"><span class='ocrx_word' id='word_1_248' title='bbox 263 1965 417 1992; x_wconf 85' lang='lat' dir='ltr'><strong>maneat.</strong></span> <span class='ocrx_word' id='word_1_249' title='bbox 467 1958 648 2003; x_wconf 85' lang='lat' dir='ltr'><strong>Quocirca</strong></span> <span class='ocrx_word' id='word_1_250' title='bbox 685 1960 818 1992; x_wconf 84' lang='lat' dir='ltr'><strong>iterum</strong></span> <span class='ocrx_word' id='word_1_251' title='bbox 853 1970 939 1998; x_wconf 91' lang='lat' dir='ltr'><strong>oro,</strong></span> <span class='ocrx_word' id='word_1_252' title='bbox 983 1960 1203 2003; x_wconf 88' lang='lat' dir='ltr'><strong>imperator,</strong></span> <span class='ocrx_word' id='word_1_253' title='bbox 1237 1959 1408 1993; x_wconf 85' lang='lat' dir='ltr'><strong>miserere</strong></span> <span class='ocrx_word' id='word_1_254' title='bbox 1446 1959 1710 1995; x_wconf 75' lang='lat' dir='ltr'><strong>subiectorum:</strong></span> 
     </span>
     <span class='ocr_line' id='line_1_30' title="bbox 263 2004 1713 2050; baseline 0.001 -11"><span class='ocrx_word' id='word_1_255' title='bbox 263 2007 434 2039; x_wconf 84' lang='lat' dir='ltr'><strong>miserere</strong></span> <span class='ocrx_word' id='word_1_256' title='bbox 460 2007 527 2038; x_wconf 89' lang='lat' dir='ltr'><strong>filii</strong></span> <span class='ocrx_word' id='word_1_257' title='bbox 557 2005 636 2045; x_wconf 83' lang='lat' dir='ltr'><strong>tui,</strong></span> <span class='ocrx_word' id='word_1_258' title='bbox 668 2016 709 2038; x_wconf 88' lang='lat' dir='ltr'><strong>ac</strong></span> <span class='ocrx_word' id='word_1_259' title='bbox 733 2004 894 2050; x_wconf 85' lang='lat' dir='ltr'><strong>denique</strong></span> <span class='ocrx_word' id='word_1_260' title='bbox 920 2005 976 2037; x_wconf 86' lang='lat' dir='ltr'><strong>tui</strong></span> <span class='ocrx_word' id='word_1_261' title='bbox 1000 2005 1137 2050; x_wconf 88' lang='lat' dir='ltr'><strong>ipsius,</strong></span> <span class='ocrx_word' id='word_1_262' title='bbox 1163 2005 1263 2038; x_wconf 87' lang='lat' dir='ltr'><strong>cuius</strong></span> <span class='ocrx_word' id='word_1_263' title='bbox 1289 2005 1387 2049; x_wconf 85' lang='lat' dir='ltr'><strong>apud</strong></span> <span class='ocrx_word' id='word_1_264' title='bbox 1411 2007 1587 2041; x_wconf 83' lang='lat' dir='ltr'><strong>Romanos</strong></span> <span class='ocrx_word' id='word_1_265' title='bbox 1607 2012 1713 2041; x_wconf 84' lang='lat' dir='ltr'><strong>tanta</strong></span> 
     </span>
     <span class='ocr_line' id='line_1_31' title="bbox 266 2051 1717 2098; baseline 0.001 -13"><span class='ocrx_word' id='word_1_266' title='bbox 266 2059 321 2085; x_wconf 83' lang='lat' dir='ltr'><strong>est</strong></span> <span class='ocrx_word' id='word_1_267' title='bbox 345 2053 435 2091; x_wconf 86' lang='lat' dir='ltr'><strong>laus,</strong></span> <span class='ocrx_word' id='word_1_268' title='bbox 460 2062 640 2097; x_wconf 83' lang='lat' dir='ltr'><strong>quemque</strong></span> <span class='ocrx_word' id='word_1_269' title='bbox 665 2057 708 2085; x_wconf 83' lang='lat' dir='ltr'><strong>ut</strong></span> <span class='ocrx_word' id='word_1_270' title='bbox 731 2052 891 2096; x_wconf 84' lang='lat' dir='ltr'><strong>aliquem</strong></span> <span class='ocrx_word' id='word_1_271' title='bbox 908 2051 953 2084; x_wconf 90' lang='lat' dir='ltr'><strong>de</strong></span> <span class='ocrx_word' id='word_1_272' title='bbox 972 2051 1073 2085; x_wconf 91' lang='lat' dir='ltr'><strong>coelo</strong></span> <span class='ocrx_word' id='word_1_273' title='bbox 1092 2051 1279 2096; x_wconf 88' lang='lat' dir='ltr'><strong>delapsum</strong></span> <span class='ocrx_word' id='word_1_274' title='bbox 1302 2054 1510 2086; x_wconf 82' lang='lat' dir='ltr'><strong>intuentur:</strong></span> <span class='ocrx_word' id='word_1_275' title='bbox 1535 2059 1572 2087; x_wconf 81' lang='lat' dir='ltr'><strong>et</strong></span> <span class='ocrx_word' id='word_1_276' title='bbox 1587 2065 1717 2098; x_wconf 85' lang='lat' dir='ltr'><strong>pacem·</strong></span> 
     </span>
     <span class='ocr_line' id='line_1_32' title="bbox 267 2098 1715 2143; baseline 0.002 -12"><span class='ocrx_word' id='word_1_277' title='bbox 267 2099 474 2143; x_wconf 79' lang='lat' dir='ltr'><strong>complexus</strong></span> <span class='ocrx_word' id='word_1_278' title='bbox 489 2123 497 2139; x_wconf 93' lang='lat'>‚</span> <span class='ocrx_word' id='word_1_279' title='bbox 518 2098 617 2131; x_wconf 89' lang='lat' dir='ltr'><strong>bello</strong></span> <span class='ocrx_word' id='word_1_280' title='bbox 642 2099 812 2130; x_wconf 85' lang='lat' dir='ltr'><strong>nuntium</strong></span> <span class='ocrx_word' id='word_1_281' title='bbox 836 2098 997 2141; x_wconf 81' lang='lat' dir='ltr'><strong>remitte3</strong></span> <span class='ocrx_word' id='word_1_282' title='bbox 1035 2108 1125 2132; x_wconf 87' lang='lat' dir='ltr'><strong>neve</strong></span> <span class='ocrx_word' id='word_1_283' title='bbox 1150 2098 1299 2143; x_wconf 85' lang='lat' dir='ltr'><strong>populos</strong></span> <span class='ocrx_word' id='word_1_284' title='bbox 1325 2103 1406 2132; x_wconf 90' lang='lat' dir='ltr'><strong>tuos</strong></span> <span class='ocrx_word' id='word_1_285' title='bbox 1430 2099 1518 2133; x_wconf 83' lang='lat' dir='ltr'><strong>inde</strong></span> <span class='ocrx_word' id='word_1_286' title='bbox 1547 2104 1715 2134; x_wconf 57' lang='lat' dir='ltr'><strong>manaim</strong></span> 
     </span>
     <span class='ocr_line' id='line_1_33' title="bbox 268 2144 1713 2189; baseline 0.001 -11"><span class='ocrx_word' id='word_1_287' title='bbox 268 2147 315 2178; x_wconf 86' lang='lat' dir='ltr'><strong>ris</strong></span> <span class='ocrx_word' id='word_1_288' title='bbox 351 2144 513 2177; x_wconf 83' lang='lat' dir='ltr'><strong>cladibus</strong></span> <span class='ocrx_word' id='word_1_289' title='bbox 550 2144 595 2177; x_wconf 85' lang='lat' dir='ltr'><strong>ad</strong></span> <span class='ocrx_word' id='word_1_290' title='bbox 629 2145 783 2178; x_wconf 79' lang='lat' dir='ltr'><strong>exitium</strong></span> <span class='ocrx_word' id='word_1_291' title='bbox 812 2145 951 2185; x_wconf 88' lang='lat' dir='ltr'><strong>vocari,</strong></span> <span class='ocrx_word' id='word_1_292' title='bbox 988 2155 1079 2178; x_wconf 89' lang='lat' dir='ltr'><strong>neve</strong></span> <span class='ocrx_word' id='word_1_293' title='bbox 1113 2150 1284 2189; x_wconf 80' lang='lat' dir='ltr'><strong>nepotem</strong></span> <span class='ocrx_word' id='word_1_294' title='bbox 1308 2151 1412 2180; x_wconf 83' lang='lat' dir='ltr'><strong>tuum</strong></span> <span class='ocrx_word' id='word_1_295' title='bbox 1449 2151 1515 2180; x_wconf 86' lang='lat' dir='ltr'><strong>aut</strong></span> <span class='ocrx_word' id='word_1_296' title='bbox 1536 2146 1713 2180; x_wconf 82' lang='lat' dir='ltr'><strong>victorem</strong></span> 
     </span>
     <span class='ocr_line' id='line_1_34' title="bbox 267 2191 1720 2239; baseline 0.001 -14"><span class='ocrx_word' id='word_1_297' title='bbox 267 2193 409 2236; x_wconf 77' lang='lat' dir='ltr'><strong>turpius</strong></span> <span class='ocrx_word' id='word_1_298' title='bbox 442 2192 611 2229; x_wconf 86' lang='lat' dir='ltr'><strong>vincere,</strong></span> <span class='ocrx_word' id='word_1_299' title='bbox 650 2202 759 2236; x_wconf 88' lang='lat' dir='ltr'><strong>quam</strong></span> <span class='ocrx_word' id='word_1_300' title='bbox 791 2191 821 2224; x_wconf 91' lang='lat' dir='ltr'><strong>si</strong></span> <span class='ocrx_word' id='word_1_301' title='bbox 855 2191 970 2224; x_wconf 84' lang='lat' dir='ltr'><strong>victus</strong></span> <span class='ocrx_word' id='word_1_302' title='bbox 1008 2196 1102 2224; x_wconf 82' lang='lat' dir='ltr'><strong>esset</strong></span> <span class='ocrx_word' id='word_1_303' title='bbox 1135 2191 1288 2236; x_wconf 86' lang='lat' dir='ltr'><strong>(patrem</strong></span> <span class='ocrx_word' id='word_1_304' title='bbox 1316 2192 1415 2225; x_wconf 89' lang='lat' dir='ltr'><strong>enim</strong></span> <span class='ocrx_word' id='word_1_305' title='bbox 1438 2203 1542 2225; x_wconf 83' lang='lat' dir='ltr'><strong>suum</strong></span> <span class='ocrx_word' id='word_1_306' title='bbox 1577 2192 1720 2239; x_wconf 86' lang='lat' dir='ltr'><strong>vincet)-</strong></span> 
     </span>
     <span class='ocr_line' id='line_1_35' title="bbox 267 2237 1717 2284; baseline 0.001 -13"><span class='ocrx_word' id='word_1_307' title='bbox 267 2244 330 2271; x_wconf 84' lang='lat' dir='ltr'><strong>aut</strong></span> <span class='ocrx_word' id='word_1_308' title='bbox 363 2239 499 2271; x_wconf 85' lang='lat' dir='ltr'><strong>victum</strong></span> <span class='ocrx_word' id='word_1_309' title='bbox 528 2237 663 2269; x_wconf 86' lang='lat' dir='ltr'><strong>iniuste</strong></span> <span class='ocrx_word' id='word_1_310' title='bbox 686 2238 793 2270; x_wconf 89' lang='lat' dir='ltr'><strong>simul</strong></span> <span class='ocrx_word' id='word_1_311' title='bbox 816 2242 854 2270; x_wconf 85' lang='lat' dir='ltr'><strong>et</strong></span> <span class='ocrx_word' id='word_1_312' title='bbox 884 2248 903 2269; x_wconf 82' lang='lat' dir='ltr'><strong>a</strong></span> <span class='ocrx_word' id='word_1_313' title='bbox 927 2243 1029 2282; x_wconf 82' lang='lat' dir='ltr'><strong>patre</strong></span> <span class='ocrx_word' id='word_1_314' title='bbox 1058 2238 1236 2279; x_wconf 81' lang='lat' dir='ltr'><strong>interfici,</strong></span> <span class='ocrx_word' id='word_1_315' title='bbox 1272 2243 1448 2283; x_wconf 82' lang='lat' dir='ltr'><strong>tuumque</strong></span> <span class='ocrx_word' id='word_1_316' title='bbox 1472 2250 1606 2272; x_wconf 86' lang='lat' dir='ltr'><strong>nomen</strong></span> <span class='ocrx_word' id='word_1_317' title='bbox 1629 2251 1717 2284; x_wconf 85' lang='lat' dir='ltr'><strong>pas-</strong></span> 
     </span>
     <span class='ocr_line' id='line_1_36' title="bbox 268 2283 1714 2325; baseline 0.001 -7"><span class='ocrx_word' id='word_1_318' title='bbox 268 2285 335 2318; x_wconf 89' lang='lat' dir='ltr'><strong>sim</strong></span> <span class='ocrx_word' id='word_1_319' title='bbox 361 2296 442 2317; x_wconf 89' lang='lat' dir='ltr'><strong>cum</strong></span> <span class='ocrx_word' id='word_1_320' title='bbox 467 2284 594 2317; x_wconf 84' lang='lat' dir='ltr'><strong>faustis</strong></span> <span class='ocrx_word' id='word_1_321' title='bbox 614 2283 933 2316; x_wconf 80' lang='lat' dir='ltr'><strong>acclamationibus</strong></span> <span class='ocrx_word' id='word_1_322' title='bbox 960 2284 1208 2325; x_wconf 84' lang='lat' dir='ltr'><strong>decantatum,</strong></span> <span class='ocrx_word' id='word_1_323' title='bbox 1234 2295 1278 2318; x_wconf 78' lang='lat' dir='ltr'><strong>ex</strong></span> <span class='ocrx_word' id='word_1_324' title='bbox 1301 2283 1449 2318; x_wconf 83' lang='lat' dir='ltr'><strong>adverso</strong></span> <span class='ocrx_word' id='word_1_325' title='bbox 1473 2285 1512 2318; x_wconf 91' lang='lat' dir='ltr'><strong>in</strong></span> <span class='ocrx_word' id='word_1_326' title='bbox 1535 2285 1714 2319; x_wconf 82' lang='lat' dir='ltr'><strong>invidiam</strong></span> 
     </span>
     <span class='ocr_line' id='line_1_37' title="bbox 269 2330 1717 2377; baseline 0.001 -14"><span class='ocrx_word' id='word_1_327' title='bbox 269 2330 401 2364; x_wconf 83' lang='lat' dir='ltr'><strong>adduci</strong></span> <span class='ocrx_word' id='word_1_328' title='bbox 428 2331 534 2364; x_wconf 86' lang='lat' dir='ltr'><strong>sinas.</strong></span> <span class='ocrx_word' id='word_1_329' title='bbox 585 2330 683 2363; x_wconf 89' lang='lat' dir='ltr'><strong>Haec</strong></span> <span class='ocrx_word' id='word_1_330' title='bbox 708 2342 789 2363; x_wconf 88' lang='lat' dir='ltr'><strong>cum</strong></span> <span class='ocrx_word' id='word_1_331' title='bbox 813 2330 1043 2364; x_wconf 86' lang='lat' dir='ltr'><strong>disseruisset</strong></span> <span class='ocrx_word' id='word_1_332' title='bbox 1069 2330 1369 2372; x_wconf 84' lang='lat' dir='ltr'><strong>Calochaeretes,</strong></span> <span class='ocrx_word' id='word_1_333' title='bbox 1412 2336 1449 2364; x_wconf 85' lang='lat' dir='ltr'><strong>et</strong></span> <span class='ocrx_word' id='word_1_334' title='bbox 1485 2330 1531 2364; x_wconf 89' lang='lat' dir='ltr'><strong>ad</strong></span> <span class='ocrx_word' id='word_1_335' title='bbox 1552 2332 1717 2377; x_wconf 63' lang='lat' dir='ltr'><strong>&gt;impera-</strong></span> 
     </span>
     <span class='ocr_line' id='line_1_38' title="bbox 266 2376 1756 2423; baseline 0 -12"><span class='ocrx_word' id='word_1_336' title='bbox 266 2379 358 2412; x_wconf 85' lang='lat' dir='ltr'><strong>toris</strong></span> <span class='ocrx_word' id='word_1_337' title='bbox 394 2382 504 2423; x_wconf 90' lang='lat' dir='ltr'><strong>atque</strong></span> <span class='ocrx_word' id='word_1_338' title='bbox 536 2377 729 2410; x_wconf 81' lang='lat' dir='ltr'><strong>astantium</strong></span> <span class='ocrx_word' id='word_1_339' title='bbox 764 2378 983 2421; x_wconf 84' lang='lat' dir='ltr'><strong>interrogata</strong></span> <span class='ocrx_word' id='word_1_340' title='bbox 1021 2376 1320 2423; x_wconf 87' lang='lat' dir='ltr'><strong>obiectionesque</strong></span> <span class='ocrx_word' id='word_1_341' title='bbox 1345 2378 1530 2422; x_wconf 78' lang='lat' dir='ltr'><strong>sapienter</strong></span> <span class='ocrx_word' id='word_1_342' title='bbox 1562 2389 1716 2423; x_wconf 82' lang='lat' dir='ltr'><strong>respon-</strong></span> <span class='ocrx_word' id='word_1_343' title='bbox 1753 2382 1756 2388; x_wconf 81' lang='grc'>’</span> 
     </span>
     <span class='ocr_line' id='line_1_39' title="bbox 270 2422 1722 2468; baseline 0 -10"><span class='ocrx_word' id='word_1_344' title='bbox 270 2424 405 2464; x_wconf 85' lang='lat' dir='ltr'><strong>disset,</strong></span> <span class='ocrx_word' id='word_1_345' title='bbox 446 2422 595 2457; x_wconf 87' lang='lat' dir='ltr'><strong>tandem</strong></span> <span class='ocrx_word' id='word_1_346' title='bbox 629 2422 785 2468; x_wconf 87' lang='lat' dir='ltr'><strong>pedibus</strong></span> <span class='ocrx_word' id='word_1_347' title='bbox 822 2424 1051 2467; x_wconf 82' lang='lat' dir='ltr'><strong>imperatoris</strong></span> <span class='ocrx_word' id='word_1_348' title='bbox 1084 2424 1318 2468; x_wconf 86' lang='lat' dir='ltr'><strong>provolutus,</strong></span> <span class='ocrx_word' id='word_1_349' title='bbox 1353 2424 1454 2457; x_wconf 89' lang='lat' dir='ltr'><strong>omni</strong></span> <span class='ocrx_word' id='word_1_350' title='bbox 1479 2425 1722 2458; x_wconf 77' lang='lat' dir='ltr'><strong>contentione</strong></span> 
     </span>
     <span class='ocr_line' id='line_1_40' title="bbox 270 2470 1716 2516; baseline 0 -12"><span class='ocrx_word' id='word_1_351' title='bbox 270 2481 393 2516; x_wconf 84' lang='lat' dir='ltr'><strong>rogare</strong></span> <span class='ocrx_word' id='word_1_352' title='bbox 419 2471 559 2515; x_wconf 82' lang='lat' dir='ltr'><strong>coepit,</strong></span> <span class='ocrx_word' id='word_1_353' title='bbox 591 2480 637 2502; x_wconf 89' lang='lat' dir='ltr'><strong>ne</strong></span> <span class='ocrx_word' id='word_1_354' title='bbox 663 2481 787 2514; x_wconf 85' lang='lat' dir='ltr'><strong>pacem</strong></span> <span class='ocrx_word' id='word_1_355' title='bbox 813 2471 999 2511; x_wconf 85' lang='lat' dir='ltr'><strong>reiiceret,</strong></span> <span class='ocrx_word' id='word_1_356' title='bbox 1031 2481 1103 2503; x_wconf 87' lang='lat' dir='ltr'><strong>neu</strong></span> <span class='ocrx_word' id='word_1_357' title='bbox 1139 2470 1244 2503; x_wconf 88' lang='lat' dir='ltr'><strong>illum</strong></span> <span class='ocrx_word' id='word_1_358' title='bbox 1279 2471 1325 2503; x_wconf 89' lang='lat' dir='ltr'><strong>ab</strong></span> <span class='ocrx_word' id='word_1_359' title='bbox 1350 2470 1460 2503; x_wconf 77' lang='lat' dir='ltr'><strong>initio</strong></span> <span class='ocrx_word' id='word_1_360' title='bbox 1495 2470 1716 2504; x_wconf 86' lang='lat' dir='ltr'><strong>homicidam</strong></span> 
     </span>
     <span class='ocr_line' id='line_1_41' title="bbox 272 2516 1715 2562; baseline 0 -12"><span class='ocrx_word' id='word_1_361' title='bbox 272 2522 309 2550; x_wconf 86' lang='lat' dir='ltr'><strong>et</strong></span> <span class='ocrx_word' id='word_1_362' title='bbox 333 2517 497 2550; x_wconf 86' lang='lat' dir='ltr'><strong>invidum</strong></span> <span class='ocrx_word' id='word_1_363' title='bbox 513 2516 630 2556; x_wconf 86' lang='lat' dir='ltr'><strong>illum,</strong></span> <span class='ocrx_word' id='word_1_364' title='bbox 645 2516 708 2549; x_wconf 87' lang='lat' dir='ltr'><strong>sed</strong></span> <span class='ocrx_word' id='word_1_365' title='bbox 730 2516 914 2549; x_wconf 87' lang='lat' dir='ltr'><strong>Christum</strong></span> <span class='ocrx_word' id='word_1_366' title='bbox 936 2517 1211 2560; x_wconf 87' lang='lat' dir='ltr'><strong>pacificatorem,</strong></span> <span class='ocrx_word' id='word_1_367' title='bbox 1237 2517 1301 2562; x_wconf 86' lang='lat' dir='ltr'><strong>qui</strong></span> <span class='ocrx_word' id='word_1_368' title='bbox 1313 2516 1400 2550; x_wconf 86' lang='lat' dir='ltr'><strong>fecit</strong></span> <span class='ocrx_word' id='word_1_369' title='bbox 1419 2521 1572 2562; x_wconf 83' lang='lat' dir='ltr'><strong>utraque</strong></span> <span class='ocrx_word' id='word_1_370' title='bbox 1589 2520 1715 2558; x_wconf 83' lang='lat' dir='ltr'><strong>unum,</strong></span> 
     </span>
     <span class='ocr_line' id='line_1_42' title="bbox 271 2563 1720 2617; baseline 0.001 -21"><span class='ocrx_word' id='word_1_371' title='bbox 271 2564 432 2608; x_wconf 88' lang='lat' dir='ltr'><strong>potiores</strong></span> <span class='ocrx_word' id='word_1_372' title='bbox 457 2564 551 2596; x_wconf 87' lang='lat' dir='ltr'><strong>ferre</strong></span> <span class='ocrx_word' id='word_1_373' title='bbox 569 2563 692 2599; x_wconf 82' lang='lat' dir='ltr'><strong>vellet.</strong></span> <span class='ocrx_word' id='word_1_374' title='bbox 727 2563 920 2596; x_wconf 90' lang='lat' dir='ltr'><strong>Hominem</strong></span> <span class='ocrx_word' id='word_1_375' title='bbox 946 2563 1042 2596; x_wconf 84' lang='lat' dir='ltr'><strong>levat</strong></span> <span class='ocrx_word' id='word_1_376' title='bbox 1060 2564 1266 2608; x_wconf 85' lang='lat' dir='ltr'><strong>imperator,</strong></span> <span class='ocrx_word' id='word_1_377' title='bbox 1293 2567 1330 2596; x_wconf 88' lang='lat' dir='ltr'><strong>et</strong></span> <span class='ocrx_word' id='word_1_378' title='bbox 1353 2563 1481 2608; x_wconf 83' lang='lat' dir='ltr'><strong>gratias</strong></span> <span class='ocrx_word' id='word_1_379' title='bbox 1504 2563 1589 2608; x_wconf 73' lang='lat' dir='ltr'><strong>agit,</strong></span> <span class='ocrx_word' id='word_1_380' title='bbox 1615 2563 1720 2617; x_wconf 47' lang='lat' dir='ltr'><strong>quod—</strong></span> 
     </span>
     <span class='ocr_line' id='line_1_43' title="bbox 273 2609 1722 2655; baseline 0 -11"><span class='ocrx_word' id='word_1_381' title='bbox 273 2621 333 2644; x_wconf 89' lang='lat' dir='ltr'><strong>cos</strong></span> <span class='ocrx_word' id='word_1_382' title='bbox 359 2610 444 2644; x_wconf 87' lang='lat' dir='ltr'><strong>satis</strong></span> <span class='ocrx_word' id='word_1_383' title='bbox 473 2609 518 2643; x_wconf 88' lang='lat' dir='ltr'><strong>de</strong></span> <span class='ocrx_word' id='word_1_384' title='bbox 544 2609 666 2643; x_wconf 89' lang='lat' dir='ltr'><strong>officio</strong></span> <span class='ocrx_word' id='word_1_385' title='bbox 692 2609 896 2649; x_wconf 84' lang='lat' dir='ltr'><strong>docuisset,</strong></span> <span class='ocrx_word' id='word_1_386' title='bbox 934 2609 1112 2654; x_wconf 85' lang='lat' dir='ltr'><strong>iubetque</strong></span> <span class='ocrx_word' id='word_1_387' title='bbox 1138 2610 1182 2643; x_wconf 78' lang='lat' dir='ltr'><strong>iis</strong></span> <span class='ocrx_word' id='word_1_388' title='bbox 1199 2634 1209 2650; x_wconf 92' lang='lat'>,</span> <span class='ocrx_word' id='word_1_389' title='bbox 1244 2621 1398 2655; x_wconf 87' lang='lat' dir='ltr'><strong>quorum</strong></span> <span class='ocrx_word' id='word_1_390' title='bbox 1417 2609 1529 2643; x_wconf 87' lang='lat' dir='ltr'><strong>missu</strong></span> <span class='ocrx_word' id='word_1_391' title='bbox 1554 2609 1722 2644; x_wconf 79' lang='lat' dir='ltr'><strong>advene--</strong></span> 
     </span>
     <span class='ocr_line' id='line_1_44' title="bbox 272 2655 1783 2702; baseline 0 -12"><span class='ocrx_word' id='word_1_392' title='bbox 272 2662 340 2696; x_wconf 82' lang='lat' dir='ltr'><strong>rat,</strong></span> <span class='ocrx_word' id='word_1_393' title='bbox 367 2657 575 2690; x_wconf 82' lang='lat' dir='ltr'><strong>renuntiare</strong></span> <span class='ocrx_word' id='word_1_394' title='bbox 590 2681 601 2697; x_wconf 91' lang='lat'>,</span> <span class='ocrx_word' id='word_1_395' title='bbox 633 2656 719 2702; x_wconf 82' lang='lat' dir='ltr'><strong>quia</strong></span> <span class='ocrx_word' id='word_1_396' title='bbox 743 2656 855 2689; x_wconf 82' lang='lat' dir='ltr'><strong>stulta</strong></span> <span class='ocrx_word' id='word_1_397' title='bbox 883 2655 1064 2701; x_wconf 84' lang='lat' dir='ltr'><strong>legatione</strong></span> <span class='ocrx_word' id='word_1_398' title='bbox 1090 2657 1148 2690; x_wconf 79' lang='lat' dir='ltr'><strong>usi</strong></span> <span class='ocrx_word' id='word_1_399' title='bbox 1171 2661 1316 2698; x_wconf 85' lang='lat' dir='ltr'><strong>essent,</strong></span> <span class='ocrx_word' id='word_1_400' title='bbox 1341 2664 1417 2688; x_wconf 83' lang='lat' dir='ltr'><strong>non</strong></span> <span class='ocrx_word' id='word_1_401' title='bbox 1441 2667 1479 2690; x_wconf 82' lang='lat' dir='ltr'><strong>se</strong></span> <span class='ocrx_word' id='word_1_402' title='bbox 1502 2666 1722 2701; x_wconf 76' lang='lat' dir='ltr'><strong>responsum·</strong></span> <span class='ocrx_word' id='word_1_403' title='bbox 1778 2696 1783 2702; x_wconf 55' lang='lat'><em>„</em></span> 
     </span>
     <span class='ocr_line' id='line_1_45' title="bbox 274 2701 1777 2749; baseline 0.001 -13"><span class='ocrx_word' id='word_1_404' title='bbox 274 2702 382 2737; x_wconf 86' lang='lat' dir='ltr'><strong>dare:</strong></span> <span class='ocrx_word' id='word_1_405' title='bbox 423 2702 609 2748; x_wconf 71' lang='lat' dir='ltr'><strong>daturum,</strong></span> <span class='ocrx_word' id='word_1_406' title='bbox 659 2703 690 2738; x_wconf 85' lang='lat' dir='ltr'><strong>si</strong></span> <span class='ocrx_word' id='word_1_407' title='bbox 729 2701 903 2749; x_wconf 75' lang='lat' dir='ltr'><strong>prudent-&#39;i</strong></span> <span class='ocrx_word' id='word_1_408' title='bbox 952 2708 1152 2739; x_wconf 77' lang='lat' dir='ltr'><strong>uterentur.</strong></span> <span class='ocrx_word' id='word_1_409' title='bbox 1194 2720 1197 2724; x_wconf 61' lang='lat'><em>1</em></span> <span class='ocrx_word' id='word_1_410' title='bbox 1218 2702 1287 2737; x_wconf 84' lang='lat' dir='ltr'><strong>Sic.</strong></span> <span class='ocrx_word' id='word_1_411' title='bbox 1316 2701 1587 2738; x_wconf 71' lang='lat' dir='ltr'><strong>Calochaeretes</strong></span> <span class='ocrx_word' id='word_1_412' title='bbox 1632 2703 1725 2738; x_wconf 55' lang='lat' dir='ltr'><strong>frum·</strong></span> <span class='ocrx_word' id='word_1_413' title='bbox 1767 2706 1777 2714; x_wconf 61' lang='lat'>²</span> 
     </span>
    </p>
   </div>
  </div>
 </body>
</html>
