1832 3138
526 89 906 136 ms'romARUM
946 93 980 133 1.
1021 93 1088 137 38.
1276 126 1278 128 ,
1441 85 1462 122 1
1475 65 1553 125 85

92 217 171 260 την
191 198 425 250 ἀπόδειξιν.
441 197 721 253 παραλαβεῖν.
762 192 915 252 ἀνδρίᾳ
953 194 1032 247 μὲν
1071 190 1152 248 γὰρ
1183 186 1259 233 καὶ
1291 190 1458 232 συνέσει
1484 187 1559 231 καί
1565 194 1651 232 A.c.
1667 196 1754 233 1322

92 266 292 325 ἐμπειρίᾳ
317 263 371 323 τῇ
397 259 506 320 πρὸς
530 258 633 310 τούς
666 261 878 313 πολέμους
904 262 1071 307 πολλοῖς
1099 252 1154 300 ἂν
1181 255 1304 310 ὐμῶν
1329 254 1556 312 συγχωρή-

92 348 221 387 σαιμι
235 328 286 375 τό
306 330 436 378 πλέον’
457 325 583 383 ἔχειν·
602 327 664 383 ’τῇ
685 323 906 382 προθυμίᾳ
934 324 982 366 δὲ
1006 324 1059 380 τῇ
1074 322 1180 364 κατά
1202 318 1255 364 τοὶ
1280 319 1383 378 ἔργα
1401 318 1476 362 καὶ
1496 321 1557 378 τῷ

93 397 200 457 ὑπὲρ
229 397 306 454 τῆς
325 391 669 450 τῶνόμοφύλων
689 387 898 448 ὠφελείας
924 389 998 431 καί
1020 390 1092 443 τῆς
1112 389 1320 442 βασιλέων
1347 388 1433 430 τῶν
1450 386 1558 442 ἦμε-

67 453 229 522 ᾶτέρων
249 462 375 517 τιμῆς
406 460 481 502 καὶ
497 458 619 516 ἡμῶν
642 457 784 500 αὐτῶν
803 455 998 507 εὐδοξίας
1026 451 1101 495 καί
1123 451 1330 510 χρήματα
1351 450 1426 494 καί
1449 453 1559 495 οἰκέ-

94 546 174 581 τας
192 526 269 572 καὶ
291 523 394 571 αὐτὸ
416 523 466 569 τὸ
493 525 618 578 σῶμα
641 523 877 575 ἐπιδοῦναι,
901 516 1073 569 οὐδενὸς
1091 515 1201 561 εἶναι
1221 519 1413 575 δεύτερος
1437 517 1559 569 οἷξιαῗ.

94 593 155 647 ὥς
167 589 246 638 οὐν
262 589 350 648 ὀὐχ
368 591 474 648 ὑπὲρ
499 589 690 640 εὐδοξίας
709 585 854 642 μόνον,
876 581 986 628 ἀλλὰ
1001 586 1074 627 καί
1093 585 1170 640 τῆς
1193 585 1398 626 εἶσέπειτα
1415 579 1559 640 ἄσφα-

95 658 214 711 λείας
242 655 566 715 βουλευόμενοι,
594 651 704 697 οὕτω
726 651 800 695 καὶ
823 649 1117 708 ψηφισώμεθα
1146 647 1454 703 καίἆψώμεθα
1480 647 1556 690 τοῦ

94 725 297 780 πολέμου·
324 723 400 767 καὶ
427 721 488 778 μὴ
516 719 690 778 χείρους
716 718 971 775 φαινώμεθα
1002 718 1089 759 τῶν
1119 712 1347 772 προγόνων,
1386 714 1430 756 οἳ
1451 711 1556 767 μετὰ
1566 725 1600 758 Ρ.
1613 723 1684 761 115

48 790 236 840 ιοπόνων
267 788 341 833 καὶ
370 788 575 832 κινδύνων
595 785 645 828 τὸ
667 784 728 842 μὴ
755 783 840 827 ύπὸ
863 784 950 826 τῶν
976 780 1181 825 τοιούτων
1208 782 1562 838 περιφρονεῖσθαι

98 858 342 915 παρέδοσαν
365 854 480 912 ἡμῖν·
510 849 618 896 ἄλλα
637 849 745 894 πολύ
767 846 1055 908 φοβερώτερον
1076 847 1313 902 νομίζωμεν
1333 844 1409 902 τὴν
1430 840 1562 888 οὖσαν

97 921 294 976 εὐδοξίαν
329 917 634 977 ἀπραγμοσύνῃ
665 912 717 960 ἂν
751 912 1042 973 ἀφαιρεθῆναι
1060 947 1075 968 ,
1116 908 1146 970 ἢ
1167 913 1368 967 κτώμενοι
1402 910 1562 965 οἲτυχῆ-

99 991 234 1033 aad*
280 986 574 1040 Τοιαῦτα-μὲν
602 981 624 1027 ὅ
651 984 783 1038 μέγας
811 983 1054 1035 δομέστικος
1081 976 1207 1024 εἶπεν.
1238 977 1260 1020 ὅ
1289 973 1563 1035 πρωτοστρά-

97 1070 186 1112 τωρ
216 1054 266 1097 δὲ
291 1055 385 1107 μετ’
418 1048 552 1094 αὐτὸν
588 1047 687 1105 ,,μὴ
721 1046 938 1102 νομίζετε”
967 1042 1083 1089 εἶπεν
1120 1040 1194 1099 ,,ώ
1221 1042 1445 1101 παρόντες,
1487 1038 1562 1084 τὸν

50 1120 240 1177 ῥόμέγαν
268 1119 514 1173 δομέστικον
549 1114 678 1171 μόνον
704 1115 887 1159 τοιαῦτα
927 1111 1001 1155 καὶ
1035 1109 1320 1166 βουλεύεσθαι
1347 1112 1421 1152 καί
1456 1123 1563 1166 προ-

98 1187 365 1240 θυμεῖσθαι,
383 1219 389 1224 ⁴.
407 1180 518 1226 ἄλλα
543 1181 619 1225 καί
641 1180 746 1238 ἡμῖν
774 1176 908 1222 ἅπασι
943 1179 1078 1221 ταῦτα
1119 1178 1352 1221 συνδοκεῖν·
1402 1173 1476 1217 καί
1498 1172 1560 1230 μὴ

99 1247 153 1297 ἂν
177 1249 232 1295 τὰ
258 1251 444 1307 ἡμέτερα
473 1244 750 1306 ὀρθωθῆναι,
793 1247 833 1289 εἰ
868 1243 927 1302 μὴ
958 1243 1033 1287 καὶ
1070 1242 1259 1300 σπουδὴν
1299 1244 1374 1286 καί
1400 1241 1563 1295 τόλμαν

100 1316 228 1374 οἷξίαν
264 1317 340 1359 καί
370 1314 446 1371 τῆς
471 1315 558 1357 τῶν
583 1310 799 1370 προγόνων
839 1310 914 1354 καί
949 1310 1069 1367 ἡμῶν
1106 1306 1246 1352 αὐτῶν
1282 1306 1561 1363 ἀναλάβωμεν

101 1381 340 1434 εὐδοξίαςέῗ
393 1379 449 1424 τοὶ
470 1378 554 1424 ’ἴσα
592 1381 641 1423 δὲ
682 1381 755 1423 καί
782 1376 822 1421 οἱ
847 1379 905 1437 τῷ
930 1380 1009 1436 νέῳ
1037 1380 1211 1432 βασιλεῖ’
1232 1374 1427 1424 συνόντες
1453 1385 1594 1419 συν-Β

48 1447 424 1506 ηοεπεψηφίσαντο
466 1445 631 1497 πάντες.
679 1451 770 1496 τοῖς
797 1446 847 1487 δ’
872 1446 919 1488 έν
947 1442 1167 1502 Βυζαντίῳ
1206 1443 1263 1501 τῷ
1289 1441 1561 1499 πρεσβυτέρῳ

91 1517 494 1574 -συνοῦσιβασιλεῐ,
521 1513 729 1567 ἀναγκαῖα
755 1513 835 1565 μὲν
862 1511 940 1553 οὐκ
977 1509 1116 1553 ἐδόκει
1155 1507 1208 1552 τοὶ
1239 1508 1464 1565 εἰρημένα·
1510 1503 1559 1546 οὖ

102 1582 247 1636 μέντοι
274 1578 349 1622 καὶ
373 1579 432 1631 ὥς
459 1579 684 1634 οἰλυσιτελῆ
712 1576 946 1634 ἐτόλμησαν
973 1577 1168 1634 φανερῶς
1200 1573 1426 1626 (ineman,
1454 1567 1566 1614 ἀλλὰ

104 1643 242 1702 πολλοὶ
271 1647 425 1703 ἐφεξῆς
454 1644 746 1702 συνείραντες,
774 1646 818 1694 ἐξ
846 1638 910 1686 aiv
937 1641 1239 1693 κατεσκεύαζον
1269 1637 1436 1694 ἀδήλως
1446 1671 1459 1691 ,
1504 1636 1564 1686 ὥς

104 1714 177 1756 δεῖ
196 1711 279 1768 τήν
320 1707 649 1768 ἀπραγμοσύνην
683 1712 845 1764 μᾶλλον
874 1707 1119 1766 αἱρεῖσθαι,
1165 1704 1398 1761 ἀνέστησαν
1426 1701 1567 1757 οἷσύμ-

110 1810 213 1846 haud
230 1820 342 1856 ,aegre
366 1809 629 1844 concesserim:
665 1818 790 1842 verum
819 1808 930 1841 alacri
962 1806 1008 1840 ad
1033 1817 1123 1851 opus
1156 1805 1349 1841 voluntate
1375 1809 1413 1838 et
1437 1804 1566 1838 confe-

107 1858 232 1904 rendis
258 1858 410 1903 insuper
433 1856 480 1890 ad
505 1856 706 1889 utilitatem
727 1856 872 1895 civium,
900 1852 946 1886 ad
971 1854 1231 1898 imperatorum
1263 1852 1493 1898 dignitatem,
1520 1851 1569 1884 ad

107 1910 270 1940 nostram
296 1904 460 1950 ipsorum
484 1902 737 1936 celebritatem
762 1900 969 1947 sumptibus
995 1906 1033 1934 et
1058 1900 1169 1934 servis
1197 1899 1409 1933 domesticis
1434 1904 1471 1932 et
1496 1896 1569 1931 hoc

110 1953 191 1998 ipso
216 1961 367 1996 corpore
390 1961 472 1984 meo
506 1949 646 1984 nemini
670 1959 728 1982 me
752 1947 951 1982 secundum
975 1947 1157 1980 numerari
1186 1946 1280 1980 volo.
1341 1946 1434 1990 Ergo
1459 1945 1567 1991 quasi

109 2011 186 2034 non
209 1997 256 2031 de
279 1997 396 2044 gloria
417 1997 558 2039 solum,
581 2008 707 2031 verum
731 1997 840 2030 etiam
867 1994 913 2028 de
937 1993 1062 2027 futura
1085 1994 1281 2027 securitate
1306 1993 1567 2032 consultemus,

110 2048 165 2080 ita
187 2044 388 2080 sententias
415 2043 578 2078 dicamus
606 2048 644 2077 et
681 2042 728 2076 ad
752 2043 893 2076 bellum
915 2042 1161 2087 accingamur:
1196 2050 1288 2074 neve
1319 2051 1341 2073 a
1365 2039 1568 2072 maioribus

67 2123 75 2130 ,
109 2093 244 2127 nostris
267 2091 525 2137 degeneremus
539 2117 550 2133 ‚
574 2101 731 2138 quorum
749 2100 860 2134 opera
884 2089 1131 2134 periculisque
1152 2089 1318 2120 effectum
1342 2091 1417 2127 est,
1452 2096 1499 2118 ne
1521 2085 1567 2118 ab

112 2140 194 2174 istis
211 2139 398 2172 contemni
416 2149 622 2184 possemus:
648 2136 713 2171 sed
739 2137 854 2170 multo
873 2134 1142 2169 formidabilius
1166 2134 1405 2173 arbitremur,
1426 2137 1571 2176 partam

114 2185 370 2221 claritudinem
394 2196 467 2231 per·
483 2184 661 2219 desidiam
682 2195 787 2229 posse
807 2184 974 2217 amittere
988 2207 997 2223 ‚
1022 2192 1131 2228 quam
1152 2181 1192 2214 in
1213 2193 1254 2214 ea
1289 2179 1483 2214 retinenda
1507 2190 1569 2212 ca·-

115 2245 175 2268 sus
193 2232 359 2266 adversos
379 2243 424 2266 ex
452 2232 548 2266 eriri.
598 2231 781 2265 Hactenus
807 2241 956 2276 magnus
974 2228 1194 2263 domesticus
1209 2253 1218 2269 ‚
1243 2238 1352 2274 quem
1382 2225 1567 2271 excipiens

114 2284 374 2327 protostrator,
434 2279 522 2312 olim
539 2279 728 2326 cogitetis,
752 2278 896 2323 inquit,
919 2287 1002 2318 vos,
1023 2277 1085 2322 qui
1108 2280 1319 2321 praesentes
1342 2274 1450 2314 estis,
1479 2273 1571 2306 haec

114 2326 367 2361 tantummodo
387 2337 555 2371 magnum
573 2325 812 2359 domesticum
826 2324 1014 2358 consulere
1033 2322 1134 2357 et'ad
1157 2333 1199 2356 ea
1215 2327 1423 2367 promptum
1443 2322 1570 2353 afferre

117 2373 299 2409 studium:
324 2371 431 2406 nobis
449 2377 608 2423 'quoque
638 2372 817 2406 universis
851 2371 949 2405 idem
976 2369 1096 2404 videri
1125 2370 1277 2403 scitote:
1309 2379 1377 2401 nec
1408 2377 1573 2413 unquam

118 2432 176 2455 res
192 2426 333 2455 nostras
351 2419 510 2454 feliciter
528 2420 653 2461 ituras,
678 2419 717 2452 ni
736 2418 967 2464 diligentiam
992 2422 1030 2451 et
1051 2416 1191 2450 animos
1212 2415 1413 2449 maioribus
1437 2414 1572 2447 nostris

117 2472 318 2514 nostroque
337 2467 499 2512 ipsorum
522 2468 671 2510 nomine
692 2466 820 2512 dignos
847 2464 1125 2508 susceperimus.
1185 2463 1250 2500 His
1278 2463 1432 2496 iunioris
1454 2462 1573 2505 impe-

118 2515 250 2549 ratoris
270 2514 464 2554 comitatus
485 2513 533 2547 ad
549 2525 662 2548 unum
680 2513 842 2547 assensit.
892 2511 940 2545 At
960 2511 1114 2544 senioris
1137 2510 1330 2555 optimates
1355 2520 1430 2542 non
1455 2508 1572 2541 duxe-

119 2565 207 2595 runt
231 2571 296 2605 pro
323 2560 533 2595 necessariis
561 2571 653 2606 quae
686 2559 922 2601 dicebantur,
957 2559 1103 2592 tametsi
1132 2568 1174 2591 ea
1207 2557 1327 2602 palam
1352 2561 1393 2589 ut
1425 2554 1574 2587 inutilia

122 2618 318 2653 coarguere
347 2619 422 2641 non
461 2607 659 2641 auderent:
697 2607 760 2640 sed
792 2606 908 2640 multa
938 2605 1113 2650 deinceps
1159 2608 1390 2643 acervantes,
1438 2600 1574 2646 quibus

121 2655 236 2689 otium
263 2654 388 2700 potius
414 2654 623 2699 eligendum
651 2658 872 2692 astruerent,
911 2650 1095 2686 discordes
1122 2654 1376 2691 surrexerunt3
1405 2648 1509 2694 quasi
1537 2647 1575 2680 in

122 2707 197 2746 tam
221 2702 396 2756 perplexo
424 2701 570 2747 negotio
602 2707 738 2742 certum
765 2700 959 2741 consilium
990 2698 1149 2750 reperire
1181 2698 1402 2743 nequii-enm
1438 2705 1575 2735 revera,
