1832 3138
267 101 337 165 70
772 86 1142 137 CANTACUZENI

69 206 110 242 Δ.
121 206 158 240 C.
174 197 455 274 ιὸοιγμάτων·
484 194 540 236 effi
565 191 643 247 γὰρ
670 191 799 234 ειπεῖν
828 192 1000 235 δίκαιον.
1037 194 1131 235 ἕπει
1153 193 1194 234 δ’
1211 189 1256 234 αἱ
1284 191 1537 248 δυσπραγίαι
1554 161 1703 237 τοσοῦ·

262 278 334 305 τον
361 260 563 303 ἔπνευσαν
585 254 695 312 βαρι)
720 259 814 298 κατ’
839 258 959 310 ἐμοῦ,
987 253 1095 300 ὥστε
1113 273 1186 310 μοι
1208 258 1281 298 καί
1297 254 1348 298 τὰ
1375 256 1529 313 πατρὸς
1545 258 1703 312 σπλάγ-

262 344 343 382 χνα
370 325 566 366 τοσοῦτον
585 323 968 375 ἐκπεπολεμῶσθαι,
990 339 1048 372 ως
1067 324 1174 377 μησὲ
1200 323 1274 377 τῆς
1297 319 1450 380 ὁτῳοῦν
1472 337 1704 378 novemnov-

259 407 334 445 σης
365 386 607 443 ἐλευθερίας
635 386 853 441 τυγχάνειν
878 388 949 429 ἐπὶ
967 386 1013 429 τὸ
1043 385 1094 429 τά
1120 386 1364 442 ἐγκλήματα
1386 381 1696 440 duel-«immam,

261 457 408 508 δέομαι
431 453 506 494 τοῦ
532 453 608 494 σοῦ’
629 451 828 508 κράτους,
857 470 889 494 ω
913 454 1107 506 βασιλεῦ,
1136 469 1195 508 μη
1237 450 1437 508 πρότερον
1449 451 1618 529 ψῆφον
1632 451 1724 502 ἶς’-5

222 523 456 573 οενεγκεῖν,
485 532 583 572 πριν
603 511 655 560 ἂν
681 514 735 563 τὰ
756 515 1016 573 ἐγκλήματα,
1045 514 1151 574 α’περ
1183 518 1288 570 ἐμοῦ
1306 513 1612 572 κατηγόρηκας,
1621 519 1703 571 βα-

258 582 369 640 σάνω
398 583 651 638 δοκιμασθῇ.
678 577 755 624 κᾶν
775 583 853 635 μέν
875 599 917 624 τι
947 581 1165 638 φαίνωμαι
1189 578 1345 624 τούτων
1372 581 1702 638 ἐξειργασμένος,

257 647 333 703 τήν
350 647 530 702 ἐσχάτην
549 648 696 688 δοῦναι
716 645 832 702 δίκην
850 647 1136 690 ἀποθανόντα·
1163 641 1214 688 ἂν
1237 648 1280 688 δ’
1296 644 1518 702 ἐλεύθερος
1535 646 1583 688 ἐκ
1599 644 1704 689 πάν-

257 729 342 756 των
362 711 524 754 τούτων
550 711 814 765 ἀποδειχθαῖ,
852 709 952 769 ὅπερ
977 708 1096 765 οἶμαι
1123 711 1197 754 καί
1227 714 1274 755 σὲ
1302 710 1535 767 βούλεσθαι
1551 709 1630 754 καὶ
1643 711 1702 753 δι’

257 778 383 834 εὖχῆς
404 780 638 829 ποιεῖσθαι,
666 775 753 823 τότ’
780 778 941 826 ἐξέσται
967 775 1092 820 πάλιν
1113 778 1247 832 πατρί
1264 792 1310 832 γε
1333 771 1426 819 ὄντι
1451 774 1522 818 σοὶ
1537 773 1612 819 καὶ
1624 788 1757 818 κυ-ιο

258 845 335 900 ρίῳ
373 842 568 899 πράττειν
601 839 651 883 τὰ
678 839 785 883 κατὰ
813 840 1021 898 γνώμην.”
1070 841 1241 892 Τούτοις
1272 847 1360 891 τοῖς
1386 839 1524 898 λόγοις
1544 841 1605 890 εἷς
1628 839 1704 897 ὄρ-

258 908 334 964 γην
357 910 557 964 ἐξαφθείς
584 908 775 949 ἐπιπλέον
793 906 816 948 ὅ
843 907 1126 964 πρεσβύτερος
1139 905 1352 961 βασιλεῦς,
1374 906 1612 964 τραχυτέρᾳ
1628 906 1705 949 τοῦ

146 978 188 1015 V.
204 980 248 1016 38
263 976 423 1023 δέοντος
448 971 712 1052 χρησάμενος
731 974 784 1029 τῇ
809 975 940 1030 φωνῇ,
966 972 1025 1029 μὴ
1055 972 1222 1015 οἴεσθαι
1243 970 1372 1018 αὐτὸν
1393 970 1505 1026 ἔλεγε
1523 972 1608 1020 τῶν
1627 987 1704 1013 κα-

842 1035 856 1050 ζ

260 1038 472 1092 λουμένων
499 1035 580 1085 οἷπό
606 1040 804 1093 Χριστοῦ.
835 1053 856 1078 ο
897 1041 987 1087 νέος
1006 1040 1052 1080 δὲ
1076 1035 1336 1094 Ἀνδρόνικος
1358 1035 1494 1087 affluis·
1514 1033 1703 1093 πρόςτὸν

259 1105 448 1146 τοιοῦτον
461 1098 652 1144 ἆπαντῶν
671 1101 803 1157 λόγον,
831 1104 1051 1159 »κράτιστε
1068 1107 1240 1157 βασιλευ
1221 1104 1268 1122 ””
1291 1101 1372 1159 ἔφη
1384 1102 1496 1155 ,,τώ’ν
1514 1100 1609 1156 ἐμοὶ
1623 1096 1756 1148 νόνιό

222 1170 567 1222 Βέπενεχθέντων
598 1169 861 1225 ἐγκλημάτων
885 1169 1046 1211 πολλων
1064 1184 1190 1211 οντων
1210 1185 1280 1210 και
1303 1167 1525 1222 χαλεπῶν,
1541 1164 1603 1213 ἔτι
1630 1165 1705 1208 καὶ

259 1236 387 1285 πλειω
416 1250 485 1275 και
509 1233 784 1289 χαλεπωτερα
813 1235 890 1275 σοῦ
915 1231 1194 1290 προτάξαντος
1221 1230 1370 1289 ἤνεγκα
1387 1228 1447 1278 ἂν
1471 1233 1579 1289 σιγῇ.
1609 1228 1634 1274 ὃ
1653 1232 1701 1275 δὲ

259 1300 333 1341 νῦν
336 1297 484 1379 ἔφης,
525 1296 584 1353 μὴ
617 1297 788 1341 οἶεσθαί
815 1315 870 1352 με
898 1296 1184 1355 Χριστιανὸν,
1221 1300 1416 1345 τοσοῦτον
1453 1293 1596 1351 ἀπέχω
1621 1297 1702 1340 τοῦ

260 1365 355 1420 σιγῇ
377 1365 519 1420 φέρειν
542 1381 568 1418 η
589 1361 690 1420 πρὸς
711 1364 786 1418 ἐμὲ
813 1365 1009 1421 ειρῆσθαι
1039 1363 1246 1418 νομίζειν,
1271 1359 1374 1419 ὥστ’
1401 1355 1620 1417 ἐμπίδος”
1587 1378 1703 1418 ητι-

260 1444 330 1478 νος
347 1431 430 1470 τῶν
468 1430 737 1486 φαυλοτέρων
749 1428 844 1506 urrjv
881 1429 1025 1486 φωνὴν
1060 1427 1216 1484 ταύτην
1241 1428 1413 1482 νομίζω.
1447 1428 1540 1470 ἀλλ’
1568 1427 1610 1470 εἰ
1630 1427 1757 1479 καίαο

1327 1490 1347 1507 (Ἰ

260 1490 401 1547 αὗτός,
430 1511 551 1550 φημι,
582 1509 662 1548 ουχ
689 1495 769 1552 ἧγῇ
799 1511 854 1549 με
887 1493 1165 1551 Χριστιανὸν,
1193 1494 1284 1536 ἀλλ’
1323 1509 1392 1548 ογε
1409 1491 1455 1540 τὸ
1475 1491 1702 1547 σεβάσμιον

260 1555 389 1600 αὗτοῦ
419 1556 524 1612 αἷμα
548 1560 654 1615 ὑπὲρ
685 1560 790 1613 ἐμοῦ
832 1558 1142 1616 φιλανθρωπως
1180 1560 1329 1613 ἐκχέας
1356 1555 1568 1614 Χριστὸς,
1593 1555 1699 1614 ὑπὲρ

259 1618 310 1664 οὗ
337 1622 412 1665 καί
435 1621 561 1673 αὖτὸς
580 1627 743 1678 ἕτοιμος
756 1620 862 1666 εἶναι
884 1624 928 1666 τὸ
949 1622 1056 1667 ἴδιον
1081 1625 1327 1677 ἀποδοῦναι,
1345 1623 1511 1679 ’καιροῦ
1526 1623 1702 1664 καλοῦν-

259 1703 341 1741 τος,
369 1684 643 1745 θαρρούντως
670 1689 792 1746 φημὶ,
821 1686 977 1732 ἑαυτοῦ
996 1689 1070 1731 καὶ
1091 1689 1228 1732 οἴεταί
1237 1705 1291 1744 με
1313 1690 1386 1735 καί
1399 1685 1603 1743 ὀνομάζει.
1630 1686 1705 1732 καὶ

355 1769 404 1801 16.
427 1768 723 1853 ίιΞῖτι-ιενεχὺὶέντων
747 1773 866 1807 antea.
974 1781 1028 1804 20.
1054 1769 1108 1802 Ita
1134 1779 1224 1804 corr,
1258 1779 1324 1815 pro
1347 1768 1536 1814 νομίζων,
1561 1766 1634 1806 ΕΙ).
1661 1765 1696 1800 P.

349 1824 423 1859 νθμ
463 1823 520 1848 διν

258 1881 340 1914 illos
367 1892 472 1926 quam
497 1893 553 1915 me
583 1883 759 1917 iudicasse
777 1882 1006 1928 prudentius.
1053 1881 1148 1915 Mihi
1170 1893 1253 1915 vero
1275 1881 1404 1915 melius
1431 1879 1552 1926 (mitto
1574 1879 1696 1914 dicere

258 1928 404 1972 iustius)
425 1928 684 1972 persuadebam
699 1930 789 1971 fore,
811 1941 853 1963 eo
875 1930 981 1963 modo
1007 1940 1125 1962 rerum
1151 1932 1316 1962 eventum
1335 1927 1470 1961 videre.
1519 1926 1700 1971 Quoniam

259 1979 378 2005 autem
403 1974 547 2007 adversa
572 1986 646 2008 sors
670 1977 722 2009 ita
749 1987 804 2008 me
825 1975 1052 2008 horribiliter
1074 1975 1223 2014 afflavit,
1254 1979 1296 2007 ut
1328 1974 1430 2007 nullo
1462 1971 1570 2007 modo
1605 1972 1698 2006 mihi

259 2018 416 2052 debitam
438 2020 644 2054 libertatem
670 2021 716 2054 ad
747 2021 1040 2066 respondendum
1068 2020 1280 2054 criminibus
1305 2020 1512 2060 obtineam,
1535 2030 1598 2052 oro
1620 2030 1701 2052 ma-

258 2065 424 2098 iestatem
449 2071 566 2105 tuam,
593 2068 798 2111 imperator,
824 2068 879 2100 uti
905 2069 1004 2111 prius
1031 2067 1246 2100 sententium
1271 2077 1318 2099 ne
1343 2066 1449 2107 feras,
1474 2076 1580 2112 quam
1604 2075 1698 2111 quae

260 2110 453 2151 obiecisti,
483 2113 667 2157 explorata
692 2119 729 2147 et
763 2112 915 2158 probata
939 2113 1095 2146 fuerint:
1122 2117 1163 2145 ut
1187 2114 1217 2145 si
1243 2112 1332 2158 quid
1358 2124 1483 2146 eorum
1510 2111 1698 2145 admisisse

261 2156 531 2201 deprehendar,
571 2160 690 2202 capite
732 2162 882 2203 poenas
906 2160 1108 2192 exsolvam:
1146 2160 1203 2191 siu
1229 2164 1348 2192 autem
1369 2169 1434 2203 per
1458 2159 1578 2192 omnia
1603 2157 1700 2190 liber

258 2207 295 2236 et
328 2204 499 2237 innocens
542 2205 703 2237 inveniar
737 2204 850 2250 (quod
887 2209 923 2238 te
954 2216 1100 2250 quoque
1135 2204 1339 2238 desiderare
1374 2209 1411 2237 et
1444 2206 1538 2238 votis
1571 2209 1698 2248 optare

257 2250 437 2296 existimo)
462 2255 502 2283 ut
542 2250 611 2283 tibi
641 2262 778 2283 rursum
810 2252 904 2295 patri
927 2262 966 2284 ac
1001 2251 1147 2284 domino
1173 2262 1252 2285 meo
1279 2250 1378 2297 quod
1401 2250 1554 2284 libuerit
1577 2250 1696 2284 facere

256 2295 374 2331 liceat.
445 2297 508 2329 His
542 2296 659 2329 verbis
694 2298 829 2330 maiore
865 2297 1100 2330 inflammatus
1135 2298 1188 2331 ira
1224 2299 1345 2331 senior
1390 2298 1572 2342 asperiore
1609 2306 1696 2330 voce

257 2352 363 2385 quain
394 2342 446 2375 fas
481 2348 556 2376 erat
589 2343 813 2383 exclamans,
848 2343 1015 2376 arbitrari
1038 2355 1075 2377 se
1109 2344 1214 2376 illum
1247 2355 1321 2376 non
1349 2354 1425 2376 esse
1450 2342 1696 2377 Christianum

257 2387 361 2420 dixit.
410 2389 480 2422 Cui
505 2388 636 2422 verbo'
628 2389 748 2422 iunior
773 2391 892 2422 statim
920 2390 970 2422 sic
994 2391 1165 2424 occurrit.
1193 2390 1283 2423 Cum
1307 2387 1420 2423 multa
1445 2394 1481 2422 et
1506 2388 1625 2434 gravia
1649 2388 1695 2421 de

255 2445 313 2466 me
338 2434 487 2466 crimina
524 2435 762 2479 praedicaris,
787 2436 982 2479 imperator
1014 2438 1173 2481 optime,
1212 2438 1242 2469 si
1275 2436 1378 2480 plura
1412 2434 1528 2469 adhuc
1553 2440 1590 2468 et
1613 2445 1696 2479 gra-

255 2481 355 2513 viora
381 2481 636 2524 praedicasses,
663 2482 808 2515 silentio
835 2483 1107 2517 sustinuissem:
1135 2482 1198 2516 sed
1224 2484 1310 2529 quia
1335 2494 1431 2515 nunc
1455 2492 1511 2514 me
1536 2480 1694 2515 Christi-

258 2537 405 2559 anorum
429 2538 576 2560 numero
605 2527 756 2567 eximis,
784 2532 924 2560 tantum
949 2529 1078 2569 abest,
1107 2534 1148 2562 ut
1170 2528 1239 2561 hoc
1267 2529 1397 2562 tacitus
1425 2528 1537 2561 seram
1564 2532 1626 2560 aut
1650 2527 1692 2560 in

254 2583 311 2604 me
337 2573 525 2606 convenire
560 2572 705 2613 ducam,
739 2579 779 2606 ιιι
811 2574 954 2615 culicis,
990 2580 1052 2608 aut
1088 2576 1119 2608 si
1154 2575 1244 2620 quid
1278 2580 1332 2608 est
1355 2585 1397 2608 eo
1423 2572 1690 2617 contemptius,

254 2617 347 2651 hanc
374 2629 495 2653 vocem
531 2619 651 2652 dicere
682 2631 755 2652 non
784 2629 920 2656 verear.
968 2621 1039 2654 Sed
1074 2627 1114 2654 ut
1136 2626 1176 2653 tu
1212 2632 1269 2653 me
1293 2631 1357 2664 pro
1384 2619 1608 2654 Christiano
1616 2629 1691 2652 non

255 2663 413 2706 habeas,
439 2669 477 2699 at
501 2670 595 2701 certe
611 2664 785 2707 Christus,
811 2667 875 2710 qui
896 2668 1092 2712 pretiosum
1112 2668 1320 2711 sanguinem
1345 2677 1448 2700 suum
1460 2672 1528 2711 pro
1549 2675 1607 2700 me
1623 2664 1696 2701 he-.
