1852 3146
298 96 302 100 .
329 139 347 174 1
358 138 428 192 92
850 127 1221 173 CANTACUZENI

125 235 399 288 A.C.132301‘i;
426 234 578 285 ἰδόντες
606 233 646 275 οἱ
674 232 860 285 Σκύθαι,
901 233 981 286 τῆς
1013 233 1184 287 πορείας
1225 235 1304 286 μὲν
1351 230 1528 289 ἔστησαν
1576 235 1651 277 note
1687 225 1766 278 αεὶ.
1824 240 1825 243 ’

322 300 411 354 τοὶ,
454 296 506 341 οὗ
532 300 677 352 μέντοι
697 295 780 339 ’καὶ
809 296 1028 352 ἐχώρησαν
1057 296 1161 351 πρὸς
1196 295 1363 353 μάχην,
1405 299 1529 340 τοῦτο
1554 300 1659 353 μὲν,
1701 296 1766 342 ὅτι

121 367 400 411 Α.Ο-1324και“
435 364 459 407 ὅ
487 361 680 418 ποταμὸς
698 363 960 418 πλημμυραῖν
995 356 1046 417 ἦν
1072 356 1151 417 ἤδη
1181 360 1307 418 ἔαρος
1333 362 1572 419 ἀρχομένου
1591 380 1604 392 ·
1641 365 1766 407 τοῦτο

193 436 229 470 Ρ.
243 435 312 474 119
323 433 377 483 δ’,
406 427 469 471 ὅτι
495 430 568 470 καί
584 427 671 470 ’τῶν
695 426 903 480 πολεμίων
929 426 1105 482 ἀφανῶν
1126 420 1258 468 ὄντων
1280 428 1542 471 ἐδεδοίκεσαν
1560 427 1637 486 τὴν
1657 439 1768 482 συμ-

316 493 485 549 πλοκήν,
513 492 571 549 μὴ
594 493 669 534 οὔκ
698 489 986 541 ἀπαλλάξουσι
1007 491 1144 539 καλῶς
1167 489 1366 534 πλειόνων
1388 486 1417 548 ἢ
1439 491 1541 536 κατὰ
1563 495 1675 550 σφᾶς
1696 488 1792 537 {iv-¹5

317 575 416 601 των.
443 565 529 607 τοῖς
545 556 768 611 Ῥωμαίοις
786 572 829 598 τε
851 554 1004 609 ὁμοίως
1029 555 1271 605 ἀλυσιτελὲς
1289 555 1462 599 τὰκατά
1486 559 1569 600 τῶν
1590 559 1767 600 Σκυθῶν

318 618 514 682 ἐφαίνετο
535 629 702 679 χωρεῖν,
731 623 782 664 οὔ
807 622 970 671 δεκάκις
996 619 1102 663 ἄλλα
1129 622 1359 677 περαιτέρω
1388 621 1668 678 ὑπερέχοντας
1688 619 1767 665 αὖ»-

318 693 403 732 τιόν
432 690 490 746 τῷ
509 685 695 746 ἀριθμῷ.
727 684 839 741 ὅμως
866 689 912 729 δὲ
931 685 1130 741 βασιλεὺς
1153 682 1243 740 ἅμα
1265 691 1350 736 τοῖς
1377 689 1642 743 φαινομένοις
1662 689 1767 731 Ῥω·-

317 754 456 811 μαίων
478 754 551 796 καί
576 755 842 811 Τασπουγᾶς,
870 749 932 801 εἷς
955 754 1039 794 τῶν
1060 750 1177 808 παρὰ
1203 752 1390 802 Σκύθαις
1413 750 1764 810 στρατηγούντων,

319 812 393 863 καί
414 819 543 869 αὐτὸς
560 816 650 873 ἅμα
674 817 886 867 τοσούτοις
907 814 1152 874 βαρβάροις,
1178 818 1222 858 ἐν
1251 813 1466 873 ἑκατέροις
1487 818 1636 875 μέρεσι
1652 818 1822 873 qemi-10

321 901 442 940 μενοι
462 887 538 927 τοῦ
557 884 758 936 ποταμοῦ,
788 879 983 936 διάλογόν
1003 898 1095 924 τινα
1127 880 1376 937 ἐποιήσαντο
1396 881 1580 938 βραχύν.
1619 883 1770 939 ἐρομέ-

206 956 394 1004 V.96vov
419 947 497 1006 γὰρ
525 946 680 997 αὐτούς
706 949 855 996 οἵτινες
875 944 958 989 εἷεν
979 949 1054 988 τοῦ
1074 945 1306 1002 βαρβάρου,
1321 947 1390 988 διά
1413 962 1526 996 τινος
1544 942 1770 1003 ἀπεκρίνα-

318 1032 367 1058 το
393 1017 478 1057 τών
503 1012 744 1069 διγλώσσων
766 1012 787 1055 ὃ
810 1010 1030 1067 βασιλεὺς,
1072 1006 1288 1069 ἅνθρωποι
1314 1008 1422 1054 εἶναι
1449 1011 1524 1055 καί
1546 1009 1770 1068 mirol-917-

280 1078 478 1136 Βρεῧσαί
498 1095 540 1121 τι
569 1079 799 1134 ζητοῦντες,
824 1073 963 1133 ὥσπερ
994 1076 1070 1118 καί
1096 1073 1223 1118 αὐτοὶ
1256 1079 1464 1119 ποιοῦσιν.
1492 1076 1544 1119 οὗ
1567 1080 1704 1127 καλῶς
1721 1078 1770 1119 δὲ

316 1143 498 1200 ἔφασκεν
527 1138 683 1192 αὖτοῦς
709 1141 729 1185 ὃ
754 1141 974 1196 βασιλεὺς,
1004 1142 1101 1184 οὐδὲ
1126 1137 1342 1198 οἷνδρείων,
1374 1139 1480 1185 ἀλλὰ
1505 1144 1669 1200 λῃστῶν
1695 1140 1821 1199 ,ἕρ-,15

317 1212 391 1265 γον
414 1213 575 1260 ποιεῖν,
619 1206 852 1263 ἄκὴρυκτοί
867 1222 913 1248 τε
936 1205 1209 1263 ἐπερχόμενοι
1235 1208 1309 1249 καί
1334 1205 1546 1263 γεωργούς
1565 1207 1771 1263 ἐξανδρα-
1827 1243 1835 1249 .

317 1275 602 1328 ποδιζόμενοι,
626 1273 879 1329 ἀνθρώπους
900 1268 976 1314 οὐκ
995 1271 1158 1321 εἰδότας
1172 1275 1377 1325 πολεμεῖν.
1404 1270 1492 1314 ἔδει
1510 1270 1592 1330 γὰρ
1619 1269 1771 1331 αὖτοὺς

317 1342 477 1394 μᾶλλον
504 1338 579 1394 τὴν
609 1337 763 1395 ἔφοδον
798 1339 941 1380 αὐτῶν
982 1339 1439 1394 προκαταγγέλλοντας,
1490 1337 1771 1393 στρατιώταις

321 1402 589 1458 ἐντυγχάνειν
622 1402 879 1456 εἰθισμένοις
910 1406 1124 1456 πολεμεῖν·
1163 1397 1241 1444 κᾶν
1276 1402 1416 1444 αὐτῶν
1439 1396 1514 1457 ἦτε
1541 1401 1769 1458 κρείττους,

320 1465 445 1511 οὗδὲν
475 1463 526 1524 ἦν
553 1467 818 1521 θαυμαστὸν,
843 1468 883 1510 εἰ
908 1467 982 1509 καὶ
1003 1468 1175 1516 τούτους
1190 1465 1290 1515 τούς
1313 1466 1547 1520 ἀπολέμους
1567 1467 1821 1523 ἐξηνδρα-αο

319 1532 544 1584 ποδίζεσθε
588 1528 722 1574 ἆθλον
762 1533 837 1587 τῆς
877 1532 1051 1588 οἷρετῆς.
1101 1534 1345 1586 Τασπουγᾶς
1377 1532 1425 1573 δὲ
1454 1531 1579 1574 οὐδὲν
1609 1529 1769 1588 ἔφασκε

319 1596 479 1640 τούτων
497 1594 606 1639 εἶναι
630 1595 734 1652 πρὸς
757 1594 932 1645 αὐτούς·
975 1597 1049 1638 ὑπ’
1072 1598 1264 1647 ἐξουσίαν
1289 1594 1368 1652 γάρ
1395 1590 1531 1648 ὅντες,
1559 1610 1770 1652 προστατ-

318 1662 481 1715 τόμενοι
499 1663 756 1716 ἐπέρχεσθαι
780 1664 855 1703 καί
876 1658 1046 1703 ἀπιέναι
1070 1658 1099 1716 ἢ
1121 1662 1286 1714 μένειν.
1323 1659 1468 1717 ἧρώτα
1497 1661 1568 1714 δὲ,
1585 1661 1626 1702 εἰ
1647 1659 1773 1702 αὐτοὶ

286 1723 403 1771 Οεῖεν
425 1725 465 1768 οἱ
491 1728 613 1788 χθὲςἃ
630 1725 704 1768 καὶ
729 1727 874 1782 πρώην
901 1728 974 1782 τῆς
997 1729 1208 1782 Σκυθικῆς
1241 1724 1442 1782 στρατιᾶς
1471 1725 1590 1784 μάχῃ
1615 1722 1778 1782 κρατήω,

324 1861 399 1906 ipsi
421 1860 552 1906 pedem
569 1865 838 1906 represserunt3
863 1860 926 1894 sed
945 1861 991 1894 ad
1017 1866 1197 1894 certamen
1217 1871 1290 1894 non
1300 1865 1563 1906 processerunt,
1574 1864 1653 1893 tum
1668 1860 1767 1905 quod

326 1908 469 1949 fluvius,
488 1918 570 1941 vere
596 1909 668 1940 iam
683 1907 915 1951 procedente,
940 1907 1171 1947 redundaret,
1190 1912 1269 1940 tum
1286 1907 1397 1953 quod,
1420 1906 1587 1943 hostibus
1602 1905 1766 1940 nondum

324 1954 494 1987 omnibus
522 1955 745 1998 conspectis,
770 1959 996 1995 metuerent,
1027 1965 1086 1995 ne,
1112 1955 1142 1987 si
1166 1953 1498 1998 numero-superati
1522 1957 1666 1993 essent,
1697 1964 1764 1997 pa-

324 2009 404 2033 rum
430 1999 581 2033 honeste
607 2001 746 2045 proelio
774 2000 1066 2045 defungerentur.
1116 2000 1264 2033 Romani
1302 1999 1471 2033 similiter
1497 1999 1634 2034 cladem
1658 2000 1766 2032 time-

324 2046 438 2086 bant,
477 2049 507 2079 si
532 2047 652 2090 plures
678 2046 804 2079 decem
827 2047 989 2089 partibus
1015 2052 1052 2079 et
1079 2046 1232 2091 amplius
1257 2045 1544 2091 aggrederentur.
1594 2045 1764 2078 Ceterum

326 2092 522 2134 imperator
546 2104 626 2125 cum
645 2094 771 2137 primis
806 2092 880 2125 illis
906 2093 1072 2126 Romanis
1097 2098 1135 2126 et
1169 2093 1350 2137 Taspugas
1381 2103 1474 2125 unus
1505 2102 1525 2126 e
1553 2090 1765 2136 Scytharum

327 2137 479 2170 ducibus
501 2150 581 2170 cum
606 2139 759 2172 totidem
783 2139 946 2172 barbaris
973 2150 1017 2172 ex
1040 2139 1152 2172 altera
1187 2139 1265 2183 ripa
1288 2138 1447 2172 fluminis
1475 2138 1622 2172 brevem
1645 2148 1763 2183 quen-

328 2183 411 2216 dam
443 2183 625 2228 dialogum
657 2184 872 2218 habuerunt.
938 2186 1187 2230 Interrogante
1221 2184 1371 2228 Scytha,
1408 2184 1556 2229 quinam
1594 2183 1764 2217 mortales

329 2235 470 2271 essent,
504 2230 700 2274 imperator
731 2243 796 2276 per
822 2231 1001 2276 quendam
1035 2231 1191 2264 Graecae
1217 2236 1254 2264 et
1291 2229 1479 2274 Scythicae
1503 2231 1649 2275 linguae
1676 2241 1763 2274 gna—

325 2286 407 2309 rum
433 2276 640 2319 respondit,
676 2277 840 2311 homines
873 2289 973 2318 esse,
1013 2279 1077 2323 qui
1113 2282 1353 2323 quaererent,
1389 2275 1693 2323 quemadmodum
1727 2280 1764 2309 et

326 2321 419 2366 ipsi,
444 2322 543 2367 quod
572 2330 750 2367 caperent.
798 2325 868 2357 Eos
891 2329 1012 2357 autem
1035 2335 1110 2357 non
1135 2329 1254 2363 recte,
1288 2334 1335 2356 ne
1363 2333 1408 2355 ue
1438 2323 1592 2356 viriliter
1618 2322 1758 2356 faeere:

326 2367 392 2401 sed
416 2368 574 2413 latrones
600 2370 755 2411 imitari,
779 2370 862 2415 qui,
897 2370 1054 2403 adventu
1081 2381 1144 2403 suo
1178 2370 1316 2413 celato,
1381 2369 1525 2402 ostilem
1553 2369 1593 2401 in
1614 2367 1762 2401 modum

329 2419 594 2458 grassarentur,
644 2421 682 2449 et
725 2416 889 2460 agricolis
932 2416 1023 2449 belli
1067 2416 1218 2449 insuetis
1268 2415 1476 2448 servitutem
1520 2415 1759 2459 imponerent.

329 2461 542 2504 Oportuisse
566 2461 841 2505 impressionem
867 2473 966 2495 suam
991 2461 1206 2494 denuntiare
1233 2466 1270 2494 et
1294 2471 1373 2494 cum
1392 2460 1571 2494 militibus
1589 2471 1761 2505 pugnare,

326 2507 477 2540 assuetis
495 2506 623 2551 pedem
649 2508 828 2541 conferre:
857 2520 946 2553 quos
971 2509 1001 2540 si
1027 2509 1232 2547 vincerent,
1255 2513 1332 2540 tum
1355 2508 1486 2539 mirum
1507 2517 1582 2540 non
1608 2517 1704 2547 esse,
1729 2507 1761 2540 si

329 2557 367 2585 et
389 2552 454 2586 hos
481 2553 645 2586 imbelles
669 2556 868 2598 praemium
892 2555 1036 2587 virtutis
1060 2553 1291 2589 abducerent.
1329 2553 1424 2586 Tum
1448 2553 1642 2598 Taspugas,
1663 2552 1761 2585 nihil

328 2597 399 2632 hoc
430 2597 476 2631 ad
497 2599 617 2642 ipsos,
639 2601 701 2645 qui
727 2601 793 2633 sub
818 2600 936 2633 aliena
959 2605 1081 2633 essent
1103 2604 1281 2644 potestate
1295 2608 1311 2642 ς’
1337 2604 1379 2632 ut
1409 2598 1562 2642 proinde
1585 2598 1676 2632 iussi
1703 2599 1760 2631 vel
1788 2627 1791 2629 .
1830 2631 1831 2634 ,

328 2645 573 2686 incursarent,
597 2646 656 2678 vel
675 2646 837 2687 abirent,
861 2646 920 2679 vel
942 2651 1130 2679 manerent
1153 2646 1273 2678 etiam.
1321 2645 1624 2684 Pei-cunctabatur
1641 2643 1760 2678 dein*

331 2689 396 2732 de,
438 2691 557 2738 ipsine
587 2693 794 2738 nuperrime
828 2691 1031 2736 Scythicam
1067 2702 1214 2726 manum
1255 2691 1435 2737 congressi
1467 2691 1685 2727 devicissent
1719 2698 1761 2724 aa
