1832 3138
290 94 394 160 140
817 106 1191 153 CANTACUZENI

83 211 169 249 ΑΒ.
187 215 273 249 1320
288 212 492 265 κλίμακας
514 208 728 251 ἐκέλευσεν
752 206 1079 267 ἑτοιμασθῆναι,
1119 211 1163 259 ἐς
1186 208 1263 264 τήν
1286 206 1516 266 «ὖοτεραίαν
1535 210 1735 268 ἐσομένης

243 288 271 322 c
285 274 581 329 τειχομαχίας.
610 273 790 331 δρῶντες
810 276 858 319 δὲ
882 273 923 319 οἱ
947 275 1030 318 ἀπὸ
1050 277 1130 319 τοῦ
1154 274 1320 329 τείχους
1343 273 1421 325 τάς
1440 273 1736 334 κλιζιιακαςκα-

279 341 670 393 τασκευαζομένας,
701 339 762 393 οὖς
783 340 1008 396 ’ἀνηνύτοις
1041 339 1364 396 ἐπιχειρούντων
1386 339 1642 396 κατεγέλων,
1682 336 1734 384 οὖ

279 406 407 460 μόνον
423 407 474 462 τῇ
493 405 706 464 ἀσφαλείᾳ
729 407 811 449 τῶν
826 408 991 461 τειχῶν,
1021 404 1128 448 οἷλλὰ
1150 404 1224 448 καὶ
1247 407 1305 463 τῷ
1329 404 1484 462 πλήθει
1494 406 1585 463 ιτῶν
1603 421 1736 463 στρα-

283 473 448 514 τιωτῶν
478 470 662 524 οἰόμενοι
684 471 1030 529 περιγενήσεσθαι
1051 472 1128 514 τοῦ
1151 472 1350 524 πολέμου.
1378 466 1488 526 ἦσαν
1509 469 1589 527 γὰρ
1621 471 1666 514 οἵ
1687 466 1762 513 τε’5

282 540 331 580 ἐκ
353 537 594 588 Βυζαντίου
621 535 726 580 κατά
759 536 1011 592 συμμαχίαν
1043 536 1271 593 ἀφιγμένοι
1283 570 1296 589 ,
1336 533 1479 585 ἱππεῖς
1500 537 1581 590 μὲν
1604 533 1737 579 εἴκοσι

284 602 357 645 καὶ
376 601 601 657 διακόσιοι,
639 602 714 646 καὶ
734 605 853 656 πεζοί
871 602 1031 653 τοξόται
1053 602 1210 646 τούτων
1231 601 1384 645 εἴκοσιν
1407 601 1609 653 ἐλάσσους
1629 601 1737 656 ἄγα-

282 667 358 711 aaa*
381 668 587 723 τοξεύειν,
625 668 797 711 ὁπλῖται
824 685 870 711 τε
895 668 935 711 οἱ
965 670 1011 710 ἐκ
1039 670 1243 725 μηχανῶν
1269 667 1466 724 ἀφιέντες
1489 669 1592 724 βέλη
1617 665 1738 724 τριά-

283 750 419 788 κοντα,
447 736 492 786 ἐξ
519 729 577 778 ὧν
602 731 662 787 εἷς
680 734 752 779 ἐπὶ
778 736 836 792 τῷ
857 733 1071 789 εὐστόχως
1091 736 1173 778 τῶν
1197 729 1334 776 ἄλλων
1353 734 1516 788 μᾶλλον
1542 731 1737 788 διαβεβό-

283 815 357 856 ητο
380 799 571 853 βάλλειν·
610 799 815 857 ἐγχώριοί
838 816 882 844 τε
911 800 1049 851 ἱππεῖς
1076 796 1228 843 ἑκατόν
1257 799 1534 853 ὠπλισμένοι,
1560 799 1792 860 ’τοξόταιῐο

240 879 330 912 Βτε
357 865 433 908 οὐκ
463 865 595 920 ὄλίγοι
625 865 699 910 καί
723 866 1028 923 σφενδονῆται,
1058 864 1107 908 οὖ
1130 864 1261 919 μόνον
1282 863 1500 920 ἐγχώριοι,
1524 859 1642 909 ,ἄλλά
1665 864 1739 907 καί

283 933 371 974 τῶν
394 934 613 989 περιοίκων
637 935 822 981 πλεῖστοι
847 930 919 975 διά
943 930 1013 975 τὸν
1034 933 1214 984 πόλεμον
1237 928 1532 980 συνελθόντες·
1569 927 1643 975 ’καί
1661 944 1738 984 γυ-

281 998 456 1052 μνητεία
481 997 635 1054 πολλή.
666 994 729 1048 οἷς
751 994 979 1055 ἐθάρρουν,
1005 998 1046 1042 εἰ
1063 997 1167 1055 μήτι
1197 992 1326 1052 ἄλλο,
1368 993 1416 1039 τὸ
1448 996 1550 1051 γοῦν
1575 994 1738 1038 ἁλῶναι

279 1062 441 1121 ῥᾳδίως
462 1064 698 1119 διαφυγεῖν.
723 1060 814 1117 ἅμα
845 1064 892 1106 δὲ
916 1065 1033 1120 πρωῒ
1050 1065 1110 1113 εἰς
1137 1061 1214 1118 τὴν
1237 1062 1469 1118 ὑστεραίαν
1498 1061 1545 1104 οἵ
1564 1076 1611 1113 τε
1635 1058 1738 1112 ἔξω·

282 1131 361 1170 θεν
382 1129 455 1171 καί
477 1126 516 1171 οἱ
544 1128 627 1171 ἀπὸ
654 1131 741 1172 τῶν
759 1130 912 1184 τειχῶν
934 1127 1239 1186 παρετάττοντο
1260 1127 1366 1185 πρὸς
1389 1125 1546 1185 μάχην.
1572 1124 1647 1168 καὶ
1665 1125 1792 1181 γε-Ιὸ

281 1195 460 1248 νομένης
488 1192 802 1251 καρτερωτάτης
821 1194 1119 1249 τειχομαχίας,
1161 1196 1288 1251 μέχρι
1315 1194 1395 1248 μὲν
1416 1189 1597 1249 ἑβδόμης
1626 1188 1738 1248 ὥρας

281 1258 487 1313 ἀντέσχον
509 1258 550 1302 οἱ
574 1258 657 1302 α’πὸ
678 1261 762 1303 τῶν
782 1262 933 1314 τειχῶν
955 1259 1210 1314 ἀμυνόμενοι
1232 1258 1485 1317 προθύμως·
1521 1256 1669 1302 ἔπειτα
1697 1254 1738 1300 οἱ

279 1324 358 1367 τοῦ
384 1324 480 1366 νέου
512 1327 720 1379 βασιλέως
750 1321 902 1383 ἀνδρίᾳ
926 1341 971 1368 τε
998 1327 1072 1369 καί
1101 1325 1232 1383 τόλμῃ
1267 1326 1350 1368 τῶν
1386 1322 1739 1378 ἀντιτεταγμένων

278 1388 557 1445 ὖπερσχόντες
602 1391 677 1433 καὶ
715 1388 791 1440 τὰς
826 1391 1031 1444 κλιζιιακας
1058 1395 1148 1441 τοῖς
1181 1390 1338 1446 τείχεσι
1379 1389 1738 1446 προσερείσαντες,

279 1454 326 1498 τὸ
349 1453 535 1509 πόλισμα
561 1451 671 1499 εἷλον
701 1455 774 1498 καί
804 1456 1042 1512 διήρπασαν
1068 1454 1201 1499 αὕτό.
1241 1455 1382 1506 δείσας
1405 1457 1452 1499 δὲ
1481 1452 1504 1496 o‘
1525 1451 1793 1510 βασιλεῦςρο

175 1519 367 1575 '‘V-7¹⁹²),
407 1521 572 1563 πάντων
590 1520 821 1577 χρημάτων
855 1523 1208 1578 διαφθαρέντων,
1247 1518 1480 1572 οἷνάστατος
1515 1521 1685 1576 γένηται
1714 1518 1738 1563 ὅ

272 1580 474 1641 Ἀπρως,
503 1587 693 1629 ἐκέλευσε
722 1585 823 1636 τούς
852 1586 1041 1642 καρποὺς
1063 1587 1121 1643 μὴ
1157 1586 1450 1644 διαφθείρειν,
1480 1582 1592 1637 ὅπως
1617 1585 1739 1640 ἔχονσ

280 1667 352 1701 τες
371 1648 572 1707 ἀφορμὰς
600 1651 640 1694 οἱ
662 1647 839 1708 ’Ἀπριοι
859 1654 934 1694 τοῦ
962 1654 1056 1709 ζῇν,
1082 1651 1143 1708 μὴ
1168 1654 1367 1695 ἐκλίπωσι
1387 1649 1433 1695 τό
1462 1647 1596 1706 ἄστυ.
1634 1651 1739 1694 οἷπέ-

284 1719 418 1759 θανον
441 1718 588 1770 μέντοι
610 1719 656 1761 ἐν
678 1718 732 1775 τῇ
760 1717 1013 1777 τειχομαχίᾳ
1035 1717 1144 1774 πλήν
1165 1715 1256 1768 ἑνὸς
1280 1714 1448 1763 ὁπλίτου
1471 1718 1627 1773 τῶνέκ
1647 1719 1740 1760 Rv-

288 1827 389 1870 lent3
415 1827 500 1873 quia
521 1838 559 1861 se
581 1827 702 1862 verbis
720 1826 815 1862 nihil
836 1827 1011 1873 proficere
1030 1825 1181 1862 videbat
1201 1828 1409 1873 imperator,
1437 1826 1548 1862 scalas
1567 1826 1615 1862 ad
1635 1838 1738 1862 moe-

285 1875 351 1907 nia
372 1873 550 1918 postridie
576 1874 854 1908 conscendenda
881 1875 996 1920 parari
1023 1875 1138 1908 iussit.
1188 1874 1299 1920 Quod
1327 1886 1409 1908 cum
1440 1879 1647 1915 cernerent,
1673 1874 1739 1921 qui

289 1921 329 1953 in
351 1920 544 1953 moenibus
564 1922 731 1961 stabant,
754 1921 916 1954 hostium
940 1926 1108 1955 conatum
1129 1926 1170 1954 ut
1193 1922 1340 1955 inanem
1365 1920 1591 1963 irridebant,
1611 1931 1738 1955 muro-
1797 1956 1802 1962 ,

287 1978 369 2002 rum
389 1967 599 2001 excelsitate
618 1979 660 2002 ac
691 1968 861 2002 firmitate
885 1973 1267 2013 propugnatorumque
1302 1967 1540 2002 multitudine
1569 1979 1607 2003 se
1629 1968 1738 2001 inex-

287 2013 504 2058 pugnabiles
529 2015 607 2047 fore
636 2013 870 2048 confidentes.
926 2014 1016 2047 Nam
1049 2014 1244 2050 auxiliares
1267 2014 1438 2058 Byzantio
1468 2014 1609 2059 equites
1633 2018 1739 2048 erant

290 2059 423 2092 duceni
445 2065 483 2093 et
507 2061 646 2102 viceni,
672 2061 815 2105 pedites
852 2061 1030 2105 sagittarii
1065 2061 1198 2095 duceni
1221 2061 1323 2106 iique
1352 2059 1590 2106 peritissimi:
1619 2061 1737 2105 gravis

290 2111 509 2147 armaturae,
561 2108 599 2140 ui
622 2119 641 2140 e
664 2107 840 2141 machinis
863 2108 936 2141 tela
958 2107 1178 2153 torquebant
1194 2108 1360 2153 triginta:
1385 2118 1406 2140 e
1428 2107 1563 2154 quibus
1594 2118 1687 2140 unus
1716 2118 1738 2141 a

290 2152 508 2186 dexteritate
534 2119 716 2187 destinata
739 2154 896 2190 feriendi
917 2165 1001 2198 prae
1029 2155 1111 2188 aliis
1145 2154 1406 2187 celebrabatur.
1455 2154 1605 2199 Equites
1633 2153 1735 2190 indi-

289 2210 402 2243 genae
425 2199 645 2242 cataphracti
679 2207 845 2242 centum,
880 2201 1057 2245 sagittarii
1082 2212 1158 2234 non
1195 2201 1326 2246 pauci,
1361 2206 1399 2234 et
1429 2199 1633 2235 funditores
1659 2212 1736 2234 non

287 2244 484 2290 indigenae
504 2246 612 2280 modo
626 2271 635 2286 ‚
659 2247 722 2279 sed
743 2247 851 2281 etiam
871 2258 889 2280 e
910 2248 1074 2280 finitimis
1101 2246 1191 2280 locis
1222 2247 1502 2292 quamplurimi,
1531 2258 1622 2293 quos
1653 2245 1736 2279 hel-

289 2292 365 2325 lum
384 2293 584 2333 exciverat,
623 2298 660 2325 et
687 2293 775 2326 levis
805 2299 1004 2327 armaturae
1031 2294 1157 2333 multi,
1192 2293 1325 2339 quibus
1354 2293 1544 2333 omnibus,
1578 2294 1609 2327 si
1639 2292 1735 2331 nibil

289 2337 412 2378 aliud,
441 2344 595 2372 certene
623 2345 837 2384 caperentur
863 2352 901 2373 se
922 2340 1028 2373 facile
1059 2345 1316 2382 consecuturos
1344 2340 1551 2384 sperabant.
1597 2339 1735 2376 Postri-

289 2384 350 2418 die
371 2384 518 2418 albente
549 2386 650 2418 coelo
681 2387 818 2432 quique
843 2387 930 2420 foris
963 2387 1099 2433 quique
1116 2387 1212 2420 intus
1244 2388 1283 2420 in
1318 2386 1506 2420 moenibus
1532 2391 1655 2426 erant,
1689 2384 1736 2419 ad

288 2442 446 2476 pugnam
474 2432 758 2466 instruebantur.
805 2434 851 2466 Et
882 2445 962 2466 cum
991 2444 1105 2479 usque
1134 2432 1180 2465 ad
1201 2432 1325 2466 horam
1348 2434 1536 2477 septimam
1562 2432 1735 2466 acerrima

289 2478 394 2511 fieret
415 2479 647 2523 oppugnatio,
674 2478 848 2522 oppidani
867 2491 904 2513 se
928 2485 1074 2513 strenue
1098 2478 1303 2522 tuebantur,
1351 2479 1406 2513 Ad
1432 2483 1631 2512 extremum
1661 2479 1736 2511 im·

290 2526 464 2569 peratorii
492 2524 708 2559 fortitudine
743 2530 780 2562 et
804 2526 952 2560 audacia
983 2526 1192 2560 adversariis
1221 2526 1445 2570 superiores,
1481 2525 1586 2559 scalis
1616 2525 1739 2570 appli-

291 2570 374 2610 citis
403 2571 616 2615 oppidulum
636 2572 784 2617 capiunt
814 2583 854 2606 ac
880 2572 1071 2617 diripiunt.
1106 2572 1163 2605 Ibi
1188 2572 1316 2605 timens
1351 2572 1570 2617 imperator,
1594 2582 1641 2605 ne
1674 2582 1735 2605 ποτ

291 2616 360 2651 bus
380 2618 547 2653 omnibus
571 2618 800 2662 disperditis,
823 2618 939 2664 Aprus
961 2618 1006 2651 ad
1027 2618 1263 2652 solitudinem
1289 2618 1532 2665 redigeretur,
1570 2618 1735 2663 frugibus

293 2663 409 2697 cavit:
451 2669 492 2697 ut
533 2664 711 2699 habentes
739 2666 835 2701 vitae
871 2665 1073 2699 subsidium
1102 2665 1202 2710 Aprii
1248 2676 1295 2699 ne
1328 2665 1554 2711 diffugerent,
1614 2666 1656 2702 In
1693 2676 1735 2703 ea

295 2712 562 2757 oppugnatione
601 2723 645 2749 ex
677 2718 808 2750 neutra
842 2713 919 2752 acie
950 2712 1143 2765 quisquam
1180 2718 1325 2758 praeter
1356 2724 1468 2756 unum
1494 2711 1734 2757 Byzantinum
