1728 3158
234 118 324 159 x1v
732 172 734 174 v
798 116 831 154 1.
871 113 1106 158 ΡοΝΤΑΝι

236 229 508 285 Nicephorum
532 228 753 282 Gregoram
775 226 902 268 multa
929 242 1021 285 cum
1049 229 1282 270 acrimonia
1280 259 1294 282 ‚
1343 237 1384 271 et
1401 231 1527 273 fusius
1548 224 1728 303 Ροεῖῒαζἶ

238 298 305 350 (ne
347 296 517 350 amplius
558 294 776 334 verborum
814 294 858 333 in
901 307 945 334 re
983 306 1128 348 parum
1162 295 1349 349 ambigua
1374 291 1728 365 .}consumamus)

236 362 447 401 manifeste
474 361 591 400 nobis
616 359 894 414 astipulantur.
960 360 1047 400 Ubi
1074 374 1171 414 prae
1195 360 1468 416 indignatione
1492 355 1722 404 dissimu-
1725 414 1728 420 Ι

235 427 340 467 latae
359 440 552 480 personae
567 427 778 465 immemor
792 454 805 477 ‚
845 440 1025 466 caussam
1045 440 1160 466 suam
1186 427 1410 467 accuratius
1431 429 1529 482 agit,
1557 442 1682 483 quam
1724 438 1728 440 ’

235 491 337 533 alius
362 507 437 546 pro
462 507 509 532 eo
535 493 699 547 egisset·
729 494 887 532 tametsi
909 492 951 531 id
979 492 1236 546 postmodum
1263 493 1612 547 animadvertens,
1638 495 1682 534 in
1724 486 1728 491 “

236 559 344 598 viam
364 559 526 621 redeat,
569 572 811 612 rursumque
835 559 904 612 qui
930 559 1006 609 sit,
1049 558 1301 599 dissimulare
1325 559 1495 602 studeat.

346 611 535 680 Sequitur
564 633 612 664 ut
644 625 695 664 de
731 626 962 664 oeconomia
1000 625 1177 665 breviter
1207 632 1249 664 te
1286 639 1535 667 moneamus.
1604 626 1683 668 His

235 698 408 746 quatuor
443 691 556 730 libris
591 705 655 730 res
683 691 758 730 sub
786 698 960 744 utroque
992 690 1227 730 Andronico
1242 718 1255 742 ‚
1308 705 1410 743 avo,
1450 690 1492 732 et
1518 700 1681 747 nepote,

240 764 280 796 et
310 756 385 796 sub
413 757 688 796 Cantacuzeno
707 755 881 795 filiorum
912 758 1068 810 nepotis
1095 762 1251 808 tutore,
1291 764 1413 811 atque
1440 758 1684 812 imperatore

236 829 368 876 gestae
389 822 675 876 explanantur:
719 823 775 861 sic
790 851 802 874 ‚
830 829 877 862 ut
905 824 1060 876 primus
1088 822 1333 862 discordiam
1373 830 1413 863 et
1434 822 1543 864 bella
1576 824 1684 864 inter

235 887 515 928 Andronicos:
560 887 660 927 alter
689 888 905 942 imperium
931 889 1098 928 minoris
1111 903 1123 927 ε
1174 890 1317 928 tertius
1351 888 1505 929 bellum
1533 888 1684 929 Canta-

234 956 372 994 cuzeni
425 968 519 994 cum
566 954 901 994 obtrectatoribus
940 959 980 994 et
1011 955 1208 994 inimicis:
1246 961 1474 1008 postremus
1506 953 1687 996 eiusdem

234 1019 397 1059 victoris
436 1033 483 1060 ac
522 1019 827 1073 triumphatoris
857 1027 1041 1073 tempora
1067 1027 1356 1074 persequatur:
1384 1021 1429 1060 in
1459 1033 1541 1075 quo
1562 1022 1686 1062 etiam
1726 1040 1728 1044 ¹

234 1085 498 1126 subtexuntur
511 1115 523 1138 ‚
566 1100 669 1140 quae
689 1087 794 1126 inter
823 1086 1016 1125 Ioannem
1036 1085 1325 1140 Palaeologum
1354 1082 1579 1141 legitimum
1606 1086 1682 1135 be-

233 1150 372 1190 redem
387 1180 399 1202 ‚
442 1158 482 1191 et
498 1152 623 1206 patris
649 1153 710 1191 sui
731 1151 954 1191 Andronici
975 1164 1260 1203 successorem,
1289 1165 1555 1207 socerumque
1573 1146 1682 1193 Gan-

233 1224 470 1256 tacuzenum
484 1246 496 1268 ‚
536 1224 576 1257 et
607 1217 785 1257 eiusdem
814 1217 943 1256 filium
963 1218 1215 1257 Matthaeum
1234 1219 1346 1271 (cum
1373 1217 1520 1272 quibus
1540 1218 1683 1258 ambo-

233 1283 309 1323 bus
329 1283 538 1323 dissidium
558 1285 594 1323 ei
612 1283 861 1335 intercessit)
880 1284 1149 1337 contigerunt.
1207 1284 1387 1323 Tametsi
1407 1290 1448 1324 et
1463 1284 1506 1324 in
1525 1283 1685 1324 duobus

234 1349 437 1402 prioribus
466 1356 550 1388 tam
581 1348 708 1388 multa
737 1348 787 1388 de
826 1349 1104 1388 Cantacuzeno
1134 1355 1448 1389 commemorata
1475 1356 1571 1390 sunt
1585 1379 1598 1402 ,
1637 1356 1687 1394 ut

237 1414 348 1468 quod
367 1415 409 1453 in
429 1414 595 1468 epistola
614 1413 730 1453 Nilus
750 1416 822 1466 ait,
849 1428 942 1454 eum
962 1411 1210 1468 αὐτουργὸν,
1225 1414 1304 1454 hoc
1324 1421 1400 1467 est,
1427 1414 1548 1455 rebus
1567 1415 1687 1468 ipsis-

238 1487 322 1519 met
349 1494 486 1519 coram
500 1509 512 1532 ‚
562 1487 610 1520 ut
629 1487 805 1520 actorem
822 1509 833 1533 ‚
881 1479 1043 1520 affuisse
1055 1510 1069 1534 ‚
1107 1494 1233 1535 aeque
1252 1479 1304 1520 de
1323 1477 1402 1521 illis
1416 1509 1429 1534 ,
1472 1487 1520 1521 ut
1538 1477 1590 1521 de
1607 1493 1684 1536 po-

238 1546 473 1586 sterioribus
504 1545 809 1600 intelligendum
839 1546 1041 1586 videatur.
1621 1581 1623 1591 ,

349 1613 471 1652 Gesta
501 1620 595 1652 sunt
627 1620 763 1653 autem
791 1614 927 1653 omnia
958 1613 1010 1652 ab
1042 1627 1148 1654 anno
1176 1620 1269 1668 post
1299 1613 1506 1654 Christum
1544 1620 1687 1654 natum

240 1677 450 1718 millesimo
469 1680 747 1719 trecentesimo
775 1681 970 1734 vigesimo
989 1681 1121 1733 primo
1137 1708 1150 1731 ‚
1194 1680 1246 1719 ad
1265 1694 1416 1720 annum
1434 1679 1527 1734 plus
1553 1681 1689 1720 minus

240 1745 615 1799 quinquagesimum
643 1759 797 1784 nonum
810 1775 822 1797 ‚
863 1746 978 1784 annis
1007 1747 1200 1785 nimirum
1229 1746 1395 1800 triginta
1420 1759 1591 1797 novem,
1618 1752 1690 1785 aut

239 1811 414 1849 circiter.
476 1810 542 1850 Sic
572 1811 679 1850 enim
709 1811 907 1850 rationem
933 1811 1209 1851 subducimus.
1275 1810 1451 1851 Michael
1475 1810 1690 1851 Palaeolo-

241 1889 315 1929 gus
348 1875 499 1929 collega
519 1878 645 1929 patris
676 1877 739 1916 sui
758 1876 983 1917 Andronici
1013 1885 1199 1917 mortuus
1219 1882 1280 1917 est
1297 1875 1512 1916 millesimo
1530 1882 1690 1916 trecen-

238 1942 382 1980 tesimo
401 1942 594 1994 vigesimo
621 1943 769 1995 primo.
825 1942 982 1982 Eodem
1012 1943 1100 1996 ipso
1119 1955 1226 1982 anno
1258 1941 1304 1995 (si
1324 1955 1349 1981 a
1367 1941 1594 1995 Septembri
1611 1941 1689 1982 du·-

241 2021 308 2046 cas
328 2007 423 2046 anni
443 2008 619 2058 initium,
656 2015 703 2047 ut
723 2009 865 2047 Graeci
886 2008 1048 2061 ducunt)
1069 2008 1222 2048 bellum
1240 2009 1346 2048 inter
1365 2021 1488 2048 avum
1502 2037 1516 2060 ‚
1557 2014 1598 2048 et
1616 2021 1690 2048 ne-

240 2080 377 2126 potem
397 2080 556 2124 exarfflt,
585 2073 826 2127 duravitque
853 2075 1099 2122 sexennium!
1124 2081 1165 2114 et
1182 2088 1361 2115 mensem
1396 2086 1526 2113 unum
1539 2103 1552 2125 ,
1580 2075 1690 2114 utin

242 2137 351 2177 calce
380 2137 473 2177 libri
501 2140 622 2192 primi
649 2138 820 2179 relatum
839 2147 912 2180 est.
968 2141 1088 2182 Victo
1108 2153 1186 2180 avo
1201 2169 1214 2192 ‚
1242 2153 1368 2194 nepos
1387 2138 1496 2180 solus
1516 2139 1692 2193 praefilit

244 2205 414 2258 imperio
434 2206 547 2244 annis
566 2207 709 2259 viginti
722 2235 734 2258 ‚
762 2207 796 2246 si
815 2220 959 2247 verum
987 2207 1127 2247 scribit
1155 2207 1371 2261 Gregoras.
1429 2207 1524 2258 Quo
1543 2219 1567 2245 e
1584 2206 1691 2246 vivis

244 2269 403 2309 sublato
418 2299 430 2322 ,
458 2271 707 2324 pupillorum
735 2271 901 2312 tutelam
929 2274 1049 2327 gessit
1069 2272 1369 2312 Cantaeuzenus
1383 2300 1397 2323 ‚
1431 2272 1500 2311 vix
1518 2284 1688 2318 annum,

243 2342 292 2374 ut
310 2334 498 2390 colligere
525 2344 584 2376 est
600 2351 613 2377 :
654 2337 846 2378 adversus
876 2352 998 2392 quem
1025 2337 1170 2378 deinde
1197 2345 1245 2376 ut
1276 2344 1496 2392 tyrannum
1525 2336 1691 2375 nomine

244 2401 392 2441 viduae
427 2404 691 2456 imperatricis
704 2433 717 2457 ‚
766 2412 806 2445 et
846 2404 1019 2445 liberum
1059 2406 1143 2444 eius
1172 2403 1325 2443 bellum
1367 2402 1691 2442 administratum

245 2473 307 2506 est
324 2468 438 2506 annis
458 2469 651 2523 quinque.
692 2471 755 2511 Eo
776 2471 888 2511 finito
905 2472 1221 2522 Cantacuzenus,
1242 2469 1337 2509 data
1357 2469 1499 2508 Ioanni
1518 2466 1690 2507 Palaeo-

245 2535 339 2590 logo
358 2537 401 2576 in
429 2538 730 2578 matrimonium
759 2538 841 2578 filia
855 2568 868 2589 ,
897 2539 1035 2578 decem
1055 2551 1180 2577 annos
1199 2537 1252 2576 ab
1271 2550 1319 2575 eo
1338 2534 1568 2589 paciscitur,
1597 2532 1689 2586 qui-

247 2602 323 2641 bus
344 2616 465 2656 penes
485 2616 527 2643 se
545 2605 704 2658 imperii
725 2605 961 2659 gubernatio
990 2619 1082 2644 cum
1101 2604 1264 2643 nomine
1283 2607 1467 2641 maneat:
1499 2611 1621 2653 penes
1638 2597 1689 2637 il-

249 2667 334 2708 lum
368 2683 515 2710 nomen
565 2670 770 2712 dumtaxat
810 2679 850 2712 et
885 2671 1057 2726 dignitas
1098 2669 1354 2724 imperatoria
1368 2696 1381 2719 ‚
1421 2666 1550 2706 donec
1580 2669 1690 2704 aetas
