1832 3138
282 47 355 103 86
810 59 1184 104 CANTACUZEM

89 163 268 203 A·C·132¹
286 165 358 209 καὶ
384 163 453 208 διὰ
479 165 600 208 τοῦτο
623 165 821 219 δεομένην
846 164 1086 220 ἐπικουρίας
1131 162 1203 206 καί
1226 161 1365 213 δεινοῦ
1400 162 1472 203 καί
1495 160 1711 218 σώφρονος

280 231 552 288 στρατηγοῢ.”
591 229 662 271 ἐπὶ
692 229 853 280 τούτοις
890 226 913 270 ὅ
928 231 1058 284 μέγας
1085 230 1323 282 δομέστικος
1347 221 1470 270 οῦδὲν
1490 227 1712 282 ἀντιλέγειν

279 295 410 351 ἔχων,
445 295 673 344 ὑπεδέξατο
703 296 781 347 μὲν
812 295 940 353 δῆθεν
969 292 1044 349 τὴν
1067 292 1401 349 ἐγχειριζομένην
1422 290 1573 348 οἷρχήν·
1605 289 1711 347 πλὴν

278 361 336 409 ὥς
357 357 536 415 ἓρμαίου
569 358 680 408 τινὸς
706 357 928 414 λαβόμενος
947 360 1023 401 τοῦ
1045 358 1166 413 λόγου
1200 358 1274 399 τοῦ
1300 357 1527 410 βασιλέως,
1566 351 1632 398 ὅτι
1655 355 1704 411 dr}

278 422 394 480 παρὰ
425 421 680 466 Κατελάνων
707 424 734 479 ἦ
757 424 971 466 Θετταλῶν
992 424 1171 474 πιέζοιτο
1183 456 1196 476 ,
1220 419 1292 463 καὶ
1313 419 1384 463 διὰ
1406 422 1528 463 τοῦτο
1555 418 1736 476 συχνῆςὸ

248 488 377 545 Βπρὸς
405 487 645 543 ἐπικουρίαν
667 490 800 531 δεῖται
820 488 989 546 χειρὸς,
1030 487 1154 530 πάλιν
1179 484 1480 542 οἷντεμήνυσεν,
1519 485 1577 536 ὥς
1609 483 1711 543 πρὸς

279 551 512 596 Θετταλίαν
545 555 624 606 μὲν
658 553 928 596 ἀπελεύσεται
957 551 1068 595 καθά
1102 550 1394 609 προσετάχθη,
1432 552 1526 594 δέον
1545 551 1595 594 δὲ
1617 565 1711 594 σκε-

274 618 465 672 ψάμενον
490 614 519 659 οἳ
541 621 769 661 λυσιτελεῖν
796 619 960 672 νομίζοι
992 617 1064 660 καί
1081 615 1182 673 πρὸς
1207 611 1370 669 ἄμυναν
1403 616 1486 658 τῶν
1505 615 1712 670 πολεμίων

275 681 348 725 καὶ
375 681 480 739 πρὸς
507 683 744 740 ἀσφάλειαν
768 684 843 738 τῆς
872 679 1030 740 ἀρχῆς,
1058 684 1176 725 ταῦτ’
1203 681 1431 736 αἰτήσαντα
1449 679 1564 738 παρὰ
1587 683 1710 735 βασι-

274 749 379 797 λέως
402 750 558 802 λαβεῖν·
595 750 719 791 τοῦτο
747 750 923 802 θέμενος
947 747 1019 791 ἐπὶ
1044 749 1142 801 νοῦν
1158 781 1170 802 ,
1201 746 1258 797 ὥς
1282 742 1430 804 ἢπρὸς
1458 745 1536 803 τὴν
1556 747 1761 801 δυσχέ-ῐο

274 829 393 870 ρειαν
425 815 511 856 τῶν
540 814 786 869 ζητημάτων
826 812 1059 868 ἰλιγγιάσας
1092 810 1114 853 ὅ
1149 811 1347 866 βασιλεύς
1408 811 1603 868 ἀφέξεται
1633 811 1710 854 τοῦ

273 879 451 931 πέμπειν
481 878 636 932 ἐκεῖσε,
673 874 716 933 ἢ,
740 877 785 920 τό
811 894 857 933 γε
891 877 1109 935 δεύτερον,
1144 878 1299 919 πολλοῦ
1328 875 1433 934 πρὸς
1468 874 1546 933 τὴν
1573 892 1712 934 παρα-

275 941 429 1000 σκευὴν
453 945 702 1000 τριβομένου
729 943 886 1000 χρόνου
901 977 915 997 ,
949 944 1112 993 ἐξέσται
1133 941 1206 985 καὶ
1222 945 1394 997 βασιλεῖ
1410 947 1630 997 συντυχεῖν
1653 943 1711 1000 τῷ

277 1009 382 1066 νέῳ,
411 1010 484 1051 καί
511 1007 610 1064 περὶ
629 1010 708 1050 τοῦ
741 1008 791 1051 τί
803 1007 887 1064 χρῆ
913 1010 1110 1065 πράττειν
1131 1009 1549 1064 συνδιασκέψασθαι,
1579 1003 1711 1058 οὕτως

272 1075 333 1123 εἷς
352 1072 496 1116 στενὸν
528 1075 677 1130 κομιδῇ
698 1075 781 1116 τῶν
808 1075 1066 1130 πραγμάτων
1095 1071 1409 1116 συνωθούντων.
1437 1073 1514 1116 τοῦ
1528 1073 1764 1129 πρεσβυ-ιὸ

249 1139 399 1194 (Στέρου
423 1139 470 1180 δὲ
487 1139 693 1192 βασιλέως
720 1135 754 1181 ἃ·
768 1136 955 1192 βούλοιτο
984 1141 1115 1181 αἰτεῖν
1138 1137 1418 1192 κελεύσαντος,
1441 1139 1515 1180 καί
1533 1138 1609 1180 τοῦ
1634 1153 1711 1192 με-

273 1202 403 1257 γάλου
429 1203 676 1257 δομεοτίκου
713 1201 783 1245 διιὶ
805 1204 1062 1260 γραμμάτων
1088 1199 1147 1245 ὧν
1173 1203 1306 1246 δέοιτο
1344 1202 1609 1259 δηλώσαντος
1630 1206 1711 1258 βα-

273 1271 403 1321 σιλεῖ,
445 1268 598 1324 (ταῦτα
632 1270 675 1310 δ’
695 1264 751 1324 ἦν
778 1264 1010 1322 οἷξιόμαχός
1040 1285 1085 1312 τε
1119 1267 1298 1325 στρατιὰ
1324 1269 1411 1323 καίι
1428 1269 1627 1326 χρήματα
1651 1269 1711 1318 εἷς

272 1330 431 1389 τροφὴν
455 1331 690 1390 άρκέσοντα
715 1339 802 1383 τοῖς
828 1332 1136 1391 στρατιώταις,)
1167 1333 1271 1390 πρὸς
1296 1335 1394 1377 οὐδὲ
1414 1336 1459 1378 ἓν
1482 1335 1567 1378 τῶν
1591 1335 1712 1390 ζητη-

272 1398 417 1450 μάτων
447 1398 640 1441 ἆνένευεν
672 1395 693 1440 ὅ
718 1397 936 1452 βασιλεὺς,
984 1398 1075 1441 ἄλλ’
1103 1397 1236 1449 εὐθὺς
1256 1400 1419 1442 ἐκέλευε
1446 1398 1579 1442 πάντα
1605 1397 1766 1456 πρὸςαο

268 1462 400 1517 πέρας
431 1462 610 1516 ἀγαγεῖν.
661 1463 981 1516 ἐπιταχύνοντος
1008 1464 1055 1505 δὲ
1083 1465 1142 1522 τῷ
1165 1463 1332 1522 μεγάλῳ
1373 1464 1596 1522 δομεστίκῳ
1634 1462 1711 1520 τὴν

269 1524 410 1578 ἔξοδον
430 1530 635 1580 βασιλέως
654 1530 726 1570 καί
746 1529 837 1571 οὐδ’
867 1525 1066 1571 ἀναπνεῖν
1083 1529 1294 1584 οἷνιέντος,
1335 1527 1358 1571 ὅ
1380 1532 1459 1584 μὲν
1479 1527 1584 1584 μετὰ
1605 1531 1711 1583 πέμ-

269 1608 376 1646 πτην
393 1592 556 1648 ἡμέραν
576 1592 776 1647 ὑπέσχετο
797 1595 992 1644 ἐξελθεῖν·
1020 1590 1091 1650 (ἦν
1124 1596 1164 1636 δ’
1186 1591 1291 1650 αὕτη
1315 1597 1492 1652 δευτέρα
1513 1597 1587 1651 τῆς
1610 1591 1711 1651 παρ’

269 1656 371 1711 ἡμῖν
380 1657 564 1712 μεγάλης
584 1655 816 1711 ἑβδομάδος
837 1658 1168 1716 ὠνομασμένης)
1198 1658 1397 1713 βασιλεὺς
1429 1661 1476 1702 δὲ
1498 1657 1711 1715 ἡσύχασεν

222 1718 504 1777 [Βάρκεσθείς.
530 1722 603 1777 τῆς
628 1722 755 1778 αὐτῆς
779 1724 826 1764 δὲ
843 1723 1000 1777 ἡμέρας
1020 1722 1098 1764 καὶ
1111 1723 1213 1776 πρὸς
1233 1722 1577 1778 πρωτοστράτορα
1595 1721 1762 1778 παράαό

271 1859 380 1894 nibus
402 1859 577 1900 afflictata,
602 1859 787 1894 exercitati
812 1871 853 1893 ae
885 1860 1073 1906 prudentis
1088 1860 1239 1895 alicuius
1258 1859 1359 1895 ducis
1379 1861 1515 1896 auxilio
1535 1862 1706 1909 indigeat.

273 1906 439 1951 Suscepit
466 1915 612 1951 magnus
646 1906 861 1940 domesticus
885 1909 1121 1951 provinciam,
1155 1918 1235 1940 cum
1258 1907 1356 1953 quod
1385 1915 1602 1953 opponeret,
1633 1921 1708 1943 non

275 1951 438 1986 haberet.
485 1953 651 1986 Ceterum
679 1958 721 1986 ut
747 1953 974 1997 inopinatum
1003 1953 1153 1998 aliquod
1177 1953 1316 1986 lucrum
1343 1955 1568 1999 imperatoris
1597 1955 1709 1988 verba

275 1999 469 2042 arripiens,
495 1999 648 2032 dicentis
664 1999 853 2032 Catelanos
880 2000 1060 2032 incursare
1079 1999 1323 2040 Thessaliam,
1348 1999 1431 2034 ideo
1453 2011 1491 2034 se
1514 2011 1616 2047 egere
1631 2012 1707 2035 non

273 2055 382 2089 parva
402 2045 505 2088 copia
523 2046 681 2077 vicissim
703 2045 898 2089 significat,
924 2046 954 2078 si
973 2057 1037 2086 eo,
1062 2045 1362 2091 quemadmodum
1394 2047 1603 2092 imperetur,
1631 2046 1708 2080 ‹lis-

275 2089 474 2123 cedendum
497 2092 553 2124 sit.
596 2091 771 2135 Oportere
795 2096 928 2133 autem,
953 2102 1046 2137 quae
1066 2091 1136 2125 sibi
1160 2092 1402 2126 consideranti
1423 2099 1500 2126 tum
1525 2093 1570 2126 ad
1583 2092 1706 2128 hostes

273 2135 534 2181 propulsandos
551 2161 559 2177 ‚
584 2141 662 2169 tum
688 2137 733 2169 ad
761 2148 888 2170 munus
918 2148 1021 2170 suum
1047 2142 1128 2171 tuto
1152 2138 1372 2183 fungendum
1400 2140 1574 2185 requisita
1601 2139 1706 2173 vide-

274 2187 399 2215 rentur
414 2188 609 2226 rogantem,
636 2182 681 2215 ab
703 2183 920 2227 imperatore
943 2184 1134 2228 consequi:
1160 2184 1212 2217 sic
1229 2195 1350 2217 secum
1370 2186 1598 2226 ratiocinans,
1623 2196 1707 2220 eum

273 2232 337 2260 aut
352 2233 498 2272 propter
509 2227 752 2261 difficultatem
770 2229 959 2273 petitionis
975 2229 1165 2263 deficiente
1183 2231 1348 2270 consilio,
1372 2231 1579 2265 missionem
1592 2233 1706 2265 istanc

276 2274 420 2306 missam
443 2274 641 2307 facturum:
669 2279 754 2315 aut,
783 2274 880 2319 quod
910 2276 1113 2319 proximum
1138 2281 1251 2317 esset,
1285 2275 1370 2309 dum
1399 2281 1539 2322 tempus
1562 2278 1704 2323 longius

276 2319 317 2351 in
334 2325 504 2364 apparatu
524 2321 763 2362 consumitur,
797 2321 935 2353 interea
960 2322 1112 2354 iunioris
1131 2323 1357 2366 imperatoris
1385 2323 1640 2364 conveniendi,
1667 2330 1705 2358 et

275 2365 384 2398 rebus
402 2367 603 2411 nimiopere
626 2366 740 2406 fessis,
770 2367 859 2410 quid
883 2367 1058 2410 agendum
1082 2369 1140 2407 sit,
1166 2379 1244 2401 cum
1264 2380 1305 2402 eo
1333 2368 1561 2403 deliberandi
1585 2370 1702 2402 facul-

274 2416 386 2444 tatem
406 2412 494 2445 fore.
542 2413 660 2445 Iussus
679 2418 816 2455 petere,
846 2424 939 2458 quae
961 2414 1099 2447 animus
1117 2414 1331 2456 hortaretur,
1355 2426 1419 2460 per
1442 2415 1578 2449 litteras
1598 2426 1703 2449 exer-

274 2458 385 2490 citum
410 2459 544 2491 iustum
572 2469 613 2490 ae
641 2459 838 2500 valentem,
874 2464 911 2492 et
935 2460 1109 2506 pecuniae
1146 2461 1184 2493 in
1210 2461 1379 2494 alimenta
1413 2461 1570 2495 militum
1604 2461 1703 2507 quod.

273 2503 359 2536 satis
402 2504 449 2536 sit
468 2529 477 2545 ,
518 2504 620 2547 petit.
670 2505 821 2548 Utrique
868 2506 996 2538 annuit
1034 2507 1249 2550 imperator,
1292 2512 1329 2540 et
1362 2512 1403 2540 ut
1440 2509 1702 2553 quamprimum

273 2549 393 2581 omnia
416 2549 659 2590 conficiantur,
686 2549 838 2583 mandat.
877 2551 1037 2596 Cumque
1066 2552 1170 2585 illum
1189 2553 1234 2586 ad
1267 2553 1528 2596 profectionem
1559 2559 1703 2599 urgeret

274 2595 364 2627 adeo
378 2620 387 2635 ,
410 2600 453 2628 ut
475 2596 648 2640 respirare
675 2607 748 2628 non
771 2597 930 2637 sineret,
952 2608 1009 2629 ma
1034 2610 1100 2631 nus
1130 2598 1348 2632 domesticus
1367 2605 1450 2644 post
1474 2600 1571 2634 diem
1591 2601 1701 2647 quin-

273 2646 348 2674 tum
375 2652 412 2674 se
439 2641 682 2686 profecturum
710 2643 865 2688 recepitr
908 2644 971 2689 qui
1030 2644 1081 2678 ies
1110 2650 1187 2678 erat
1210 2645 1385 2680 secundus
1415 2657 1580 2692 magnae,
1611 2650 1703 2692 quae
