1832 3132
294 88 404 142 360
821 98 1187 142 CANTAcqu-Nl

47 199 50 202 ⁴
94 207 507 260 A.C.132900,us‘v0v5.
549 204 668 245 τοῦτο
692 203 771 254 μὲν
793 194 866 242 οὖν
900 196 927 257 ᾗ
957 199 1251 258 προσετέτακτο
1279 200 1410 245 ἕποιἐι
1438 201 1545 250 κατὰ
1579 201 1721 258 τάχος.

286 269 421 313 ἐλθών
443 271 490 312 δὲ
518 266 629 325 παρὰ
654 265 728 323 τῆν
757 265 971 323 εἰσβολὴν,
1009 265 1087 323 τὴν
1121 266 1319 324 στρατιὰν
1348 261 1446 324 εὗρε
1473 262 1720 324 πᾶσαν-ἥδη

286 335 531 390 ὡρμημένην
551 331 656 390 πρὸς
679 329 756 381 τὰς
774 330 913 381 πόλεις
934 330 1118 388 φεύγειν.
1145 331 1185 374 οἱ
1204 332 1284 390 γὰρ
1307 334 1357 375 ἐκ
1381 332 1617 386 ,Βυζαντίου
1639 349 1722 389 μη-

286 402 331 442 δὲ
357 397 430 454 τήν
449 399 494 440 ἐκ
513 399 718 452 βασιλέως
743 396 939 439 ἐπάνοδον
962 397 1267 452 περιμείναντες
1292 394 1424 441 adron?
1433 431 1446 451 ‚
1474 394 1582 441 οἷλ-λά
1603 398 1723 452 νομί-

166 472 199 503 Ρ.
209 471 426 513 Ώίσαντες
449 464 694 518 τεθνηκέναι
715 463 916 516 βασιλέα,
943 459 1095 517 σκηνάς
1118 477 1162 503 τε
1181 462 1255 504 καί
1273 456 1381 505 ἄλλα
1395 458 1474 506 ὅσα
1498 463 1746 520 ἐκφέρω-5

280 543 323 570 το
351 529 551 583 ἀράμενοι
558 562 572 582 ,
599 529 788 584 ἐχώρουν
811 527 916 584 πρὸς
935 526 1010 578 τὰς
1027 528 1244 583 εἰρημένας
1266 522 1430 578 πόλεις.
1456 527 1654 586 -ὅρῶντες
1672 529 1722 570 δὲ

152 602 191 635 V.
211 595 354 647 178xac⁸
383 592 422 636 οἱ
455 593 613 648 λοιποὶ,
669 590 811 635 οὐκέτι
845 595 985 647 μένειν
1017 593 1118 635 ου’δὲ
1155 591 1279 635 αὐτοὶ
1312 590 1513 636 ἐδύναντο
1544 591 1617 637 ἕπε’
1643 594 1722 635 τοῦ

285 661 591 715 στρατοπέδου,
624 659 730 700 ἀλλὰ
757 661 937 714 κεκίνητο
961 653 1042 714 ἤδη
1066 660 1181 701 πᾶσα
1202 655 1309 714 πρὸς
1328 655 1510 715 φυγήν-ἧ
1530 656 1722 715 στρατιά.

285 725 307 766 ὁ
329 726 459 779 μέγας
487 725 532 766 δὲ
557 725 794 778 δομέστικος
824 725 869 767 ἓν
893 725 1015 781 δεινῷ
1041 726 1121 776 μὲν
1153 722 1204 766 τοὶ
1234 721 1430 778 γινόμενα
1454 725 1630 766 ἐποιεῖτο
1651 724 1725 766 καί
1814 763 1815 766 ,

285 787 452 846 ὥρμητο
472 787 570 839 τούς
591 787 781 846 πρώτους
795 791 869 844 τῆς
886 790 1021 846 φυγῆς
1042 790 1299 846 ἀρξαμένους
1323 785 1625 846 ἆναστρέφεινᾺ
1658 787 1774 838 ὥςιο
1818 795 1820 797 ’

286 856 332 896 ὸὲ
370 853 492 896 οῦδὲν
515 855 600 896 τῶν
630 852 915 910 προσηκόντων
950 852 1071 908 ἴσχυε
1099 852 1319 910 πράττειν,
1365 854 1505 911 (πᾶσα
1524 850 1610 910 »γὰρ
1632 846 1722 908 »ἤδη

284 921 467 975 κεκίνητο
488 922 515 975 ἦ
543 917 756 975 στρατιά,)
785 920 870 961 τῶν
891 913 1028 961 ἄλλων
1055 918 1281 974 ἀμελήσας,
1311 916 1380 960 διὰ
1406 918 1588 974 σπουδῆς
1611 917 1741 960 ὅποι--

283 990 367 1026 εῖτο
388 985 523 1039 πάσης
542 985 615 1024 καί
636 982 857 1039 φροντίδος
885 982 961 1038 τὴν
994 986 1196 1037 βασιλέως
1226 982 1436 1039 σωτηρίαν
1447 1010 1467 1037 ,·
1501 984 1576 1026 καὶ
1605 975 1633 1040 ᾗ
1648 978 1726 1025 τοὶ-

242 1053 268 1086 Β
280 1065 405 1102 χιστα
432 1046 533 1103 εἶχε,
560 1046 665 1104 πρὸς
686 1047 762 1104 τὴν
785 1050 989 1103 βασιλέως
1013 1047 1164 1104 σκηνὴν
1190 1047 1340 1103 ἐλθών,
1367 1050 1516 1091 τοῦτον
1537 1049 1619 1102 μὲν
1643 1043 1725 1101 οὐχ
1820 1052 1832 1112 j

283 1109 413 1170 εὗρεν.
441 1112 467 1169 ἦ
488 1113 566 1170 γὰρ
584 1113 789 1170 θεραπεία
809 1114 836 1170 ἦ
858 1113 956 1170 περὶ
978 1106 1107 1158 αὐτὸν
1129 1113 1204 1170 τὴν
1228 1116 1307 1167 μὲν
1326 1112 1524 1171 στρατιὰν
1545 1107 1626 1169 ἤδη
1645 1113 1780 1160 πεῖ-15
1824 1113 1832 1162 Ξ

284 1196 363 1221 σαν
381 1178 557 1235 δρῶντες
578 1178 825 1234 ὦρμημένην
855 1178 960 1236 πρὸς
994 1178 1130 1236 φυγήν
1156 1179 1229 1221 καί
1253 1177 1300 1223 τὸ
1328 1177 1606 1236 στρατόπεδον
1628 1175 1728 1235 ἕρη-
1829 1179 1832 1187 ’

283 1261 362 1298 μον
387 1245 686 1300 καταλειφθὲν,
738 1243 812 1286 τόν
840 1260 886 1286 τε
919 1247 1095 1298 βασιλέα
1131 1241 1349 1294 ἀδυνάτως
1387 1242 1546 1299 ἔχοντα»
1573 1241 1646 1286 διὰ
1677 1242 1724 1286 τό

284 1312 449 1367 τραῦμα
476 1312 587 1368 ἵππῳ
606 1311 808 1366 χρῆσθαι,
833 1311 1042 1359 δείσαντες
1067 1312 1165 1366 περὶ
1191 1308 1326 1367 αὐτῷ,
1355 1304 1530 1366 ἄραντες
1565 1310 1637 1352 ἐπὶ
1653 1307 1730 1351 τά·

285 1391 435 1429 πητος,
489 1371 554 1417 ἑνὶ
576 1377 658 1416 τῶν
685 1373 1012 1429 παρατυχόντων
1043 1376 1236 1429 ἐνέβαλον
1269 1377 1406 1432 λέμβῳ
1440 1373 1514 1417 καί
1541 1374 1730 1416 ἐκέλευον
1829 1420 1832 1431 .

289 1446 377 1489 τοῖς
397 1440 572 1490 ναύταις
592 1441 650 1490 εἷς
672 1439 907 1490 Βυζάντιον
939 1440 1150 1483 ἐλαύνειν.
1200 1440 1465 1495 ἀναστρέψας
1497 1439 1543 1482 δὲ
1577 1439 1784 1495 ἐχώρειηο
1828 1435 1832 1443 ’

286 1507 361 1547 καί
383 1503 509 1553 αὐτὸς
533 1508 593 1553 εἰς
623 1505 904 1560 Φιλοκρήνην.
948 1507 1007 1554 εἷς
1030 1507 1209 1560 τέτταρα
1237 1506 1283 1547 δὲ
1314 1502 1341 1560 ἦ
1370 1501 1547 1559 στρατιά
1571 1505 1731 1560 διαιρε-

283 1571 431 1623 θεῖσα,
477 1567 524 1611 τὸ
551 1571 628 1622 μὲν
651 1565 778 1624 αὐτῆς
807 1569 1019 1626 ἐχώρησεν
1039 1571 1098 1619 εἷς
1121 1568 1406 1626 Φιλοκρήνην,
1438 1570 1498 1618 εἷς
1528 1567 1732 1624 quue?-

284 1650 359 1675 του
387 1637 433 1676 δὲ
457 1633 503 1676 τὸ
526 1634 692 1687 λοιπὸν,
734 1636 795 1683 εἷς
818 1635 1048 1689 Δακιβιζαν
1078 1637 1124 1678 δὲ
1146 1634 1195 1677 τὸ
1214 1635 1370 1691 τρίτον,
1412 1636 1487 1678 καὶ
1507 1634 1554 1677 τὸ
1577 1635 1731 1690 τέταρ·

284 1713 357 1740 τον
381 1701 439 1750 εἰς
458 1698 505 1741 τὸ
531 1699 732 1751 εΡιτζιόυ.
766 1696 979 1758 Ὀρχοὶνης
1005 1702 1051 1743 δὲ
1074 1701 1159 1743 τῶν
1182 1701 1410 1755 γινομένων
1432 1700 1579 1756 μηδὲν,
1593 1699 1729 1754 εἰδώς,

287 1839 381 1872 tuari
407 1839 597 1884 omniaque
622 1840 796 1874 confundi
830 1841 985 1874 sineret:
1020 1851 1067 1874 ne
1100 1840 1178 1874 sine
1209 1838 1376 1873 hostibus
1400 1839 1472 1885 ipsi
1495 1840 1731 1884 semetipsos

285 1885 488 1929 perderent.
539 1885 608 1918 Ubi
629 1886 674 1918 ad
694 1886 832 1919 aditum
856 1892 1048 1919 castrorum
1074 1887 1186 1928 venit,
1210 1886 1326 1931 (venit
1347 1891 1478 1927 autem,
1506 1886 1559 1919 uti
1582 1885 1732 1920 manda-

286 1936 363 1963 tum
385 1936 474 1974 erat,
499 1932 680 1977 festinus‚)
702 1937 819 1965 totum
841 1934 1039 1966 exercitum
1063 1932 1109 1966 ad
1131 1933 1251 1977 fugam
1273 1933 1312 1965 in
1335 1933 1443 1966 urbes
1462 1932 1733 1966 incumbentem

287 1977 436 2011 invenit.
485 1978 575 2010 Nam
594 1979 779 2021 Byzantini
798 1990 844 2011 ne
866 1985 1072 2024 exspectato
1094 1979 1239 2026 quidem
1265 1980 1341 2012 eius
1361 1978 1480 2013 reditu
1507 1978 1552 2011 ab
1577 1978 1734 2023 impera-

287 2028 390 2063 tore,
422 2035 528 2068 quem
563 2024 697 2057 obiisse
732 2026 936 2070 putabant,
973 2026 1216 2059 tabernaculis
1247 2037 1326 2058 cum
1362 2025 1459 2059 omni
1491 2024 1732 2059 instrumento

290 2069 460 2108 sublatis,
497 2070 542 2103 ad
578 2071 685 2104 urbes
709 2082 795 2117 quas
819 2071 974 2105 diximus
999 2074 1070 2106 iter
1104 2072 1347 2117 capessebant.
1409 2071 1492 2116 Quo
1527 2076 1732 2116 conspecto,

291 2115 354 2147 alii
372 2126 417 2148 ne
436 2116 504 2159 ipsi
530 2117 676 2162 quidem
698 2128 840 2150 manere
857 2124 1043 2161 poterant:
1068 2118 1132 2152 sed
1159 2119 1278 2152 cuncti
1304 2119 1374 2151 iam
1392 2119 1511 2163 fugam
1529 2117 1735 2152 molieban-

290 2166 360 2194 tur.
408 2161 556 2206 Magnus
581 2163 796 2197 domesticus
822 2164 875 2196 rei
900 2164 1153 2210 indignitatem
1175 2166 1302 2210 iniquo
1323 2176 1447 2210 passus
1471 2164 1606 2204 animo,
1629 2164 1733 2208 prin-

293 2209 389 2252 cipes
416 2208 587 2252 fugitores
612 2209 656 2242 ad
681 2209 898 2243 reditionem
924 2211 1096 2245 inducere
1119 2211 1313 2254 nitebatur.
1361 2211 1452 2245 Cum
1475 2209 1570 2243 nihil
1589 2209 1735 2244 obtine-

294 2258 362 2292 ret,
386 2253 515 2298 (totum
541 2256 676 2300 quippe
700 2267 824 2300 agmen
848 2258 920 2290 iam
946 2257 1123 2291 seditione
1148 2256 1338 2301 fervebat‚)
1360 2257 1500 2303 reliqua
1530 2256 1570 2289 in
1590 2261 1733 2300 postre-

292 2300 359 2333 mis
381 2310 542 2344 ponens‚
579 2302 677 2334 omni
701 2301 820 2334 studio
846 2314 1000 2349 curaque
1026 2303 1071 2337 ad
1095 2303 1245 2336 salutem
1276 2303 1502 2348 imperatoris
1533 2312 1571 2335 se
1605 2301 1666 2335 dat
1697 2307 1735 2335 et

295 2358 402 2392 quam
427 2347 613 2381 celerrime
632 2352 764 2392 potest,
795 2348 841 2381 ad
867 2350 943 2382 eius
967 2350 1238 2383 tabernaculum
1265 2360 1450 2382 accurrens
1479 2359 1559 2382 eum
1579 2358 1653 2382 non
1676 2359 1736 2381 re-

290 2392 405 2438 perit:
433 2393 531 2437 quod
556 2395 722 2434 ministri,
749 2393 833 2427 dum
854 2397 1048 2429 exercitum
1067 2395 1111 2430 ad
1128 2397 1247 2440 fugam
1268 2395 1402 2436 efferri,
1428 2400 1540 2428 castra
1558 2393 1734 2435 deserere,

292 2441 410 2483 ipsum
443 2444 590 2483 propter
626 2441 765 2472 illatum
800 2441 925 2475 vulnus
957 2454 1052 2487 equo
1087 2442 1243 2476 insidere
1279 2453 1354 2474 non
1388 2452 1491 2485 posse
1536 2445 1736 2481 cernerent,

294 2485 371 2517 eius
400 2485 505 2518 saluti
532 2491 732 2519 metuentes
748 2511 757 2525 ‚
793 2489 906 2531 tapeti
943 2489 1148 2533 impositum
1176 2499 1217 2521 ac
1243 2487 1362 2521 lembo
1387 2487 1483 2521 forte
1508 2487 1652 2521 fortuna
1675 2498 1738 2519 oc-

294 2531 451 2564 currenti
485 2530 684 2573 creditum,
732 2532 1073 2579 Constantinopolin
1098 2533 1366 2580 pervehendum
1391 2538 1608 2567 curaverant.
1666 2533 1738 2566 Re-

293 2588 414 2610 versus
448 2579 524 2622 ipse
560 2590 707 2624 quoque
728 2578 962 2613 Philocrenen
983 2582 1169 2616 concessit.
1218 2581 1259 2613 In
1284 2586 1436 2626 quatuor
1460 2585 1579 2613 autem
1602 2580 1740 2623 agmina

298 2623 421 2656 divisis
455 2625 655 2666 militibus,
691 2637 802 2658 unum
836 2626 1087 2668 Philocreneu,
1125 2628 1277 2662 alterum
1318 2626 1559 2667 Nieetiatum,
1592 2626 1738 2658 tertium

298 2671 540 2713 Diaeibizam,
581 2677 746 2718 quartum
772 2670 952 2708 Rhitzium
980 2673 1155 2710 discessit.
1210 2672 1393 2709 Orchanes
1427 2672 1556 2707 horum
1579 2673 1739 2707 omnium
