1832 3138
261 158 269 165 ,
286 119 310 157 1
327 101 399 174 76
833 110 1208 155 CANTACUZEM

82 226 175 263 ΑΒ.
191 214 463 275 :andnam-Q
490 215 626 256 ταῦτα
653 214 710 271 τῷ
737 216 918 267 βασιλεῖ’,
943 211 1053 267 μετὰ
1083 215 1167 256 τῶν
1195 215 1242 256 ἒν
1275 214 1386 256 τέλει
1412 217 1738 278 βουλευσαμένῳ

276 280 409 325 ἐδόκει
447 278 523 334 τὴν
548 279 628 332 μὲν
653 280 899 334 πολιορκίαν
929 277 1306 328 Φιλιππουπόλεως
1332 283 1610 334 καταλιπεῖν,
1627 278 1736 324 κατὰ

238 348 323 390 1353,-
351 342 534 399 Μιχαὴλ
562 341 620 393 ὥς
647 338 763 400 αὖτῷ
789 345 1106 398 μαχεσομένους
1132 350 1302 400 χωρεῖν.
1336 339 1457 396 ,οὕτω
1488 346 1534 399 δὲ
1557 348 1738 399 βουλευ-

278 412 507 464 σαμένοις,
552 407 626 451 τὸν
663 410 743 462 μὲν
785 409 869 451 τῶν
898 411 1067 451 Μυσῶν
1111 409 1316 464 δεσπότην
1352 409 1567 465 Βοησίλαν
1594 402 1738 453 οἴκαδε

241 501 244 507 ,
274 475 462 519 ἐκέλευεν
489 474 511 517 ὃ
538 472 738 528 βασιλεὺς
765 473 1025 528 ἀπελθόντα,
1053 473 1147 516 ἐπεὶ
1172 475 1346 530 πλησίον
1372 470 1450 531 ἦν,
1489 474 1564 518 καὶ
1602 474 1763 522 αὕτὸνό

272 540 349 583 καί
386 539 463 596 τὴν
501 538 573 582 ὑπ’
600 537 733 583 αὐτόν
770 538 972 596 στρατιάν
1015 535 1074 583 ὧν
1114 535 1166 582 ἂν
1194 539 1326 582 δέοιτο
1356 539 1464 597 πρὸς
1488 538 1563 597 τὴν
1587 542 1734 597 μάχην

271 604 724 663 παρασκευασάμενον,
765 607 824 655 εἷς
852 605 998 661 τρίτην
1025 605 1190 661 ἡμέραν
1221 605 1281 654 εἰς
1307 606 1539 649 Ποτοῦκαν
1565 606 1734 659 ἐλθεῖν,

274 669 300 714 ὃ
323 669 510 724 πόλισμα
537 665 589 725 ἦν
616 672 955 724 κατεσκαμμένον
982 669 1028 712 ἔκ
1057 687 1166 720 τινος
1194 669 1253 719 αἷς
1280 668 1389 714 ἔοικε
1415 662 1599 724 πολέμου
1619 702 1633 726 ,
1665 670 1737 728 (οἷ-

274 742 395 791 πεῑχε
434 738 482 778 δὲ
509 738 582 778 τοῦ
607 734 752 789 τόπου,
781 729 830 777 οὗ
859 734 1233 792 ἐστρατοπεδεύετο
1262 734 1474 792 Μιχαὴλ,
1504 737 1608 790 μιιῖἰς
1630 735 1736 792 ἦμέ-

173 816 270 853 v‚gs
282 818 361 860 ρας
389 800 522 859 ὄδὸν,)
552 800 610 851 ὥς
635 802 727 844 ἐκεῖ
746 803 822 844 τοῦ
847 803 1054 855 βασιλέως
1082 797 1213 843 αὐτὸν
1240 803 1571 857 περιμενοῦντος.
1607 798 1629 843 ὅ
1655 802 1792 855 μὲνιο

277 862 352 911 οὖν
381 866 521 910 οἴκαδε
549 868 609 917 εἷς
636 865 785 920 Κόψιν
822 863 1010 923 ἐπῆλθεν
1049 867 1381 923 ἐξαρτυσόμενος
1418 864 1473 909 τοὶ
1507 865 1613 924 πρός
1653 865 1738 922 μά.-

276 949 369 989 χην·
437 930 638 987 βασιλεῦς
666 933 713 973 δὲ
740 932 1003 987 Στενιμάχου
1040 933 1114 974 καί
1147 934 1375 988 Ὶζεπαίνης
1401 933 1636 990 Βρυέννιον
1662 931 1736 977 τόν

279 1001 321 1042 Γ
318 998 489 1055 εοόργιον
522 996 749 1053 στρατηγὸν
777 996 1067 1053 καταστήσας,
1096 995 1300 1054 στρατιάν
1325 1014 1370 1040 τε
1396 998 1606 1055 ἀρκοῦσαν
1631 997 1738 1055 πρός

236 1062 476 1122 ῦφυλακὴν
511 1061 753 1106 καταλιπών
791 1060 899 1106 ὥστε
924 1062 983 1119 μη
1014 1065 1150 1114 κακῶς
1177 1061 1259 1105 ὕπὸ
1287 1065 1370 1106 τῶν
1400 1067 1737 1107 Φιλιππουπολι-

275 1133 360 1175 τῶν
386 1126 674 1171 ὗπεκθεόντων
709 1127 785 1184 τὴν
808 1127 955 1185 χώραν
982 1128 1161 1183 πάσχειν
1177 1161 1191 1182 ,
1237 1124 1368 1179 αὖτὸς
1396 1124 1505 1185 ἄρας
1532 1132 1658 1173 παν-τί
1678 1126 1791 1189 τῷιὸ

276 1193 590 1252 στρατεύματι,
630 1190 760 1249 ἦλθεν
801 1196 861 1244 εἰς
900 1196 1151 1247 Ποτοῦκαν,
1191 1192 1247 1244 ὥς
1293 1195 1385 1236 ἐκεῖ
1417 1193 1493 1238 τὸν
1527 1197 1742 1251 Βοησίλαν

276 1258 382 1306 κατὰ
400 1258 445 1303 τὸ
477 1258 677 1315 σύνθημα
702 1261 948 1316 περιμενῶν.
977 1261 1393 1318 στρατοπεδευομένῳ
1419 1261 1466 1304 δὲ
1491 1259 1583 1304 ἐκεῖ
1603 1261 1738 1317 ἀπήγ-

275 1326 387 1382 γειλέ
414 1343 478 1376 τις
502 1324 664 1379 ἐλθών,
694 1322 751 1374 ὥς
778 1323 991 1380 ἐτεθνήκει
1015 1324 1228 1380 Βοησίλας
1260 1325 1468 1382 ἐξαπίνης·
1536 1324 1632 1368 τότε
1657 1328 1737 1380 μὲν

276 1385 354 1433 οὖν
392 1388 527 1433 ἐδόκει
563 1389 805 1446 ψεύδεσθαι
850 1387 871 1431 ὃ
909 1385 1133 1447 ἅνθρωπος
1166 1389 1241 1432 καὶ
1274 1388 1402 1434 οῦδὲν
1437 1391 1570 1445 λέγειν
1605 1389 1738 1447 ὖγιές·

275 1455 385 1511 μετὰ
423 1453 572 1513 μικρὸν
617 1457 665 1498 δὲ
705 1455 780 1497 καὶ
816 1455 1011 1510 δεύτερος
1038 1453 1175 1497 ἐλθών
1203 1454 1425 1512 ἀπήγγειλε
1450 1454 1502 1498 τὰ
1528 1455 1628 1510 ἴσα,
1666 1458 1793 1499 nacho

277 1522 373 1564 οὐδ’
398 1517 529 1570 αὐτὸς
555 1517 786 1578 ἀξιόχρεως
811 1522 871 1571 εἰς
898 1520 1039 1563 πίστιν
1067 1519 1218 1563 ἐδόκει·
1271 1523 1412 1578 τρίτος
1439 1523 1487 1564 δὲ
1512 1525 1603 1576 μετ’
1631 1523 1738 1564 ἐκεί-

276 1602 376 1637 νους
403 1584 565 1639 ἐλθών,
595 1582 661 1628 ὅτι
687 1602 732 1628 τε
759 1586 974 1640 ἐτεθνήκει
1001 1584 1138 1639 ἔλεγεν
1167 1580 1298 1635 ὅντως
1325 1587 1400 1630 καί
1425 1584 1481 1637 ὦς
1509 1586 1638 1637 αὐτὸς
1656 1588 1738 1630 αὕ-

227 1689 231 1693 .
276 1650 350 1694 τόν
377 1650 461 1693 ἴδοι
499 1648 582 1693 «ind
622 1652 704 1692 τοῦ
738 1653 925 1707 κρημνοῦ
953 1652 1013 1699 εἷς
1051 1650 1200 1705 Κόψιν,
1227 1649 1477 1706 ἀναγόμενον
1503 1651 1576 1696 ἐπὶ
1597 1654 1738 1709 κλίνης

273 1714 503 1772 τεθνηκότα
532 1715 604 1759 ἐπὶ
627 1718 686 1772 τῷ
711 1721 854 1770 τυχεῖν
884 1714 1017 1764 ὄσίας·
1056 1717 1130 1758 καί
1159 1717 1428 1759 ἐπεπίστευτο
1448 1712 1568 1768 οὗτος
1603 1713 1668 1761 ὅτι
1693 1733 1738 1761 τε

270 1782 486 1836 Ῥωμαῖος
523 1778 575 1838 ἦν
602 1781 676 1823 καί
696 1778 911 1833 ἀπόδειξιν
936 1782 1094 1838 ἐναργῆ
1118 1783 1341 1838 παρείχετο
1373 1780 1449 1839 τὴν
1472 1775 1587 1838 ὄψιν.
1640 1782 1790 1833 ἐδάης

370 1874 403 1908 3.
431 1872 504 1906 Scr.
531 1869 849 1918 βουλευσάμενος.

212 1967 216 1972 ·
274 1959 546 1998 nuntiarentur,
572 1956 750 1991 adhibitis
778 1957 818 1990 in
844 1956 1039 1990 consilium
1055 1955 1307 2002 optimatibus,
1333 1955 1566 1991 obsidionem
1589 1957 1735 1992 solven-

274 2005 357 2039 dam
372 2011 408 2039 et
419 2004 593 2038 Michaeli
605 2003 864 2037 occurrendum
887 2004 1090 2038 constituit.
1119 2002 1263 2036 Deinde
1274 2004 1439 2037 Boesilae
1451 2004 1657 2038 Moesorum
1668 2005 1736 2038 dc-

274 2057 399 2096 spotae
421 2062 502 2084 cum
526 2062 648 2091 manu,
667 2061 774 2096 quam
797 2049 978 2090 ducebat,
1004 2049 1151 2083 domum
1172 2049 1273 2083 abire
1292 2048 1405 2095 (haud
1424 2051 1521 2083 enim
1540 2051 1665 2095 procul
1681 2051 1737 2085 ‹li-

272 2097 407 2143 stabat)
436 2097 727 2142 comparatisque
752 2095 797 2129 ad
816 2107 976 2141 pugnam
1000 2096 1244 2136 necessariis,
1276 2096 1387 2129 tertio
1413 2095 1473 2129 die
1497 2095 1543 2129 ad
1566 2097 1745 2133 Potucam,

274 2143 401 2177 adesse
426 2143 635 2183 mandavit,
659 2142 715 2187 (id
749 2148 825 2175 erat
848 2141 1064 2186 oppidulum
1092 2142 1212 2182 bello,
1237 2146 1279 2175 ut
1304 2142 1526 2187 apparebat,
1551 2153 1734 2186 eversum,

274 2195 313 2224 et
335 2202 356 2223 a
377 2191 501 2224 castris
524 2188 717 2223 Michaelis
751 2190 859 2222 unius
885 2188 962 2221 diei
984 2189 1116 2222 itinere
1141 2187 1336 2233 distabat3)
1361 2200 1399 2222 se
1424 2189 1521 2222 enim
1546 2189 1626 2223 illic
1650 2201 1735 2224 eum

273 2241 576 2282 exspectaturum.
627 2235 789 2269 Boesilas
816 2236 869 2268 ita
895 2235 1054 2268 facturus
1080 2234 1249 2275 domum,
1283 2235 1423 2279 Copsin
1446 2235 1632 2276 videlicet,
1657 2236 1734 2270 dis-

273 2284 394 2317 cessit.
443 2284 645 2327 Imperator
669 2281 826 2326 Georgio
859 2282 1038 2325 Bryennio
1065 2280 1287 2314 Stenimachi
1322 2286 1359 2314 et
1384 2282 1562 2325 Zepaenes
1587 2281 1734 2316 urbium

274 2329 366 2363 duee
393 2330 576 2368 instituto,
601 2334 638 2361 et
662 2328 762 2374 quod
786 2329 872 2361 satis
897 2333 993 2361 esset
1016 2327 1175 2360 militum
1200 2327 1246 2360 ad
1270 2327 1495 2372 praesidium
1519 2328 1659 2369 relicto,
1682 2340 1732 2363 ne

273 2388 296 2411 a
318 2375 663 2420 Philippopolitanis
689 2374 816 2408 furtim
845 2374 1121 2408 excurrentibus
1149 2375 1247 2418 regio
1272 2373 1406 2406 infesta
1420 2373 1626 2415 haberetur,
1652 2375 1731 2420 ipse

272 2434 353 2457 cum
378 2427 458 2455 toto
485 2422 646 2455 exercitu
671 2421 841 2454 Potucam
880 2421 1062 2455 Boesilam
1089 2419 1144 2452 ibi
1181 2431 1225 2452 ex
1249 2419 1418 2453 condicto
1443 2426 1732 2465 exspectaturus,

269 2469 522 2514 proficiscitur.
562 2467 695 2501 Castris
721 2467 859 2501 ibidem
884 2467 1024 2508 locatis,
1045 2466 1225 2500 Boiisilam
1249 2467 1441 2510 repentino
1464 2471 1645 2500 mortuum
1673 2468 1734 2502 in·

272 2516 418 2561 telligit.
466 2515 574 2548 Visus
599 2515 748 2547 mentiri
775 2515 928 2547 nuntius
955 2525 996 2547 ac
1019 2512 1118 2547 nihil
1139 2523 1205 2556 pro
1233 2523 1319 2545 sano
1346 2511 1477 2547 dicere.
1509 2513 1618 2546 Paulo
1646 2518 1732 2559 post

275 2563 369 2596 alter
396 2560 551 2595 advolat.
602 2560 675 2593 Sed
701 2570 822 2606 neque
846 2559 908 2592 hic
932 2560 1003 2594 fide
1029 2560 1158 2604 dignus
1182 2559 1420 2592 existimatus.
1467 2557 1628 2593 Accessit
1652 2567 1730 2594 ter-

273 2610 370 2649 tius,
398 2608 461 2654 qui
486 2612 524 2641 et
547 2617 671 2640 revera
693 2612 874 2639 mortuum
899 2611 937 2640 et
966 2618 1005 2640 se
1030 2617 1051 2640 e
1074 2610 1272 2650 praerupto
1295 2604 1376 2638 loco
1402 2615 1533 2651 corpus
1560 2607 1729 2648 exanime

275 2654 411 2699 Copsin
434 2653 480 2687 ad
506 2654 743 2700 exequiarum
768 2652 924 2686 honores
950 2651 1126 2698 reportari
1145 2651 1379 2694 conspexisse
1403 2651 1598 2691 affirmavit,
1646 2652 1729 2693 Hic,

274 2701 361 2749 quia
394 2701 573 2738 Romanus
608 2704 646 2734 et
678 2710 763 2734 suos
793 2699 870 2746 ipse
903 2699 1026 2734 oculos
1060 2701 1171 2733 testes
1204 2696 1427 2741 adhibebat,
1451 2697 1560 2734 fidem
1583 2699 1728 2734 meruit.
