1760 3152
278 84 418 126 XXXII
835 80 869 120 1.
910 78 1146 124 PONTANI

278 186 462 240 parebas.
518 182 652 236 Atque
670 181 745 222 hoc
765 182 928 235 quidem
944 182 1152 236 proprium
1170 185 1230 222 est
1246 183 1378 237 magni
1397 179 1620 239 logothetae
1637 185 1710 249 m&

276 241 496 280 nisterium.
553 236 672 287 Quod
690 244 822 276 autem
841 237 892 276 ad
909 251 994 277 rem
1012 237 1267 276 domesticam
1281 265 1294 288 ,
1314 238 1439 290 ipsius
1457 246 1516 280 est
1534 234 1620 280 effic
1682 233 1684 238 ’
1704 227 1709 235 ⁴

277 295 386 348 quod
409 295 625 344 ,imperator
653 290 913 330 mandaverit.
971 291 1139 331 Addunt
1158 291 1225 330 alii
1243 305 1326 331 esse
1344 293 1463 333 etiam
1481 292 1663 337 libelloru
1720 310 1735 333 i:-

276 349 522 400 magistrum,
543 345 693 384 archivi
714 346 972 398 praefectum,
1002 352 1071 384 aut
1094 345 1172 384 tale
1193 347 1413 399 quippiam.
1469 334 1735 402 Λογοθέτηςζῖ

276 403 481 453 exponitur
510 413 533 438 a
563 399 799 452 quibusdam
826 401 1010 453 magister
1037 400 1260 450 rationum,
1289 402 1359 453 qui
1380 414 1567 454 expensas
1587 409 1626 441 et
1652 415 1708 443 re·
1723 410 1732 418 '¹

262 456 381 494 vditus
420 460 625 507 computat
642 482 654 504 ,
684 468 921 494 oeconomus
959 456 1044 495 sive
1081 461 1315 508 procurator
1329 483 1342 507 ,
1381 455 1490 509 quod
1519 448 1736 511 magnum*

276 516 359 548 erat
378 507 551 549 officium
579 516 618 548 et
640 508 861 561 politicum.
1688 510 1710 558 ’-

382 562 620 616 Λογοθέτης
640 563 716 602 τοῦ
734 562 1043 617 στρατιωτικοῦ,
1071 563 1299 616 Logotheta
1321 565 1563 614 castrensis,
1580 557 1706 606 Zama

277 618 466 664 maister,
492 617 853 670 Psennigmaister‚
883 618 1034 657 Gallice
1055 617 1379 658 leresorierdu
1395 632 1529 674 camp.

383 670 695 723 Καβαλλάριος,
726 672 996 712 Caballarius.
1052 669 1351 723 Καβαλλάριον
1379 680 1600 727 equestrem
1629 674 1710 714 im-

274 727 466 779 peratoris
489 728 718 765 comitatum
739 728 917 765 nominat
935 726 1186 781 Curopalata.
1240 726 1303 766 Ex
1322 727 1459 770 Italico
1475 727 1594 776 ducta
1614 742 1708 782 vox,
1740 764 1743 767 .

275 795 377 833 quae
395 782 480 833 ipsa
500 795 523 819 a
547 781 688 819 Latina
713 794 811 820 voce
831 782 1018 822 manavit.
1088 781 1218 820 Huius
1240 794 1336 835 ,ergo
1363 782 1572 825 comitatus
1584 797 1710 837 ,prae-

275 835 400 874 fectus
430 834 673 874 Caballarius
693 833 770 873 diei
796 835 969 874 videtur.
1538 875 1539 878 ,

383 888 532 941 Μέγας
550 885 760 939 παππίας,
789 890 965 942 Magnus
990 890 1197 945 Puppim,
1252 888 1295 929 id
1321 897 1379 930 est
1393 918 1405 942 ‚
1434 905 1601 946 magnus
1634 905 1710 945 pa-

274 943 464 993 terculus,
492 957 669 982 summus
694 942 760 982 ille
775 944 908 995 iudex,
936 944 988 984 ad
1013 958 1132 998 quem
1153 947 1523 986 commentarienses
1544 945 1595 985 de
1624 960 1710 999 per·

276 1000 383 1038 sonis
412 1011 571 1037 reorum
597 1003 637 1037 et
654 1011 836 1050 numero,
861 997 911 1037 de
933 998 1120 1053 qualitate
1137 998 1387 1052 delictorum,
1415 999 1466 1039 de
1484 999 1710 1048 clausorum

276 1053 481 1092 ordinibus
509 1053 653 1091 referre
690 1051 851 1091 debent.
918 1053 964 1092 In
988 1053 1091 1093 hanc
1130 1055 1364 1094 sententiam
1385 1055 1535 1108 accipio
1562 1068 1709 1095 nomen

275 1107 425 1160 Papiae
448 1106 554 1160 apud
567 1108 779 1158 Zonaram,
793 1106 863 1147 ubi
888 1107 938 1146 de
962 1122 1009 1147 eo
1032 1109 1177 1161 agitur,
1205 1110 1274 1162 qui
1298 1107 1483 1148 Michaeli
1502 1108 1626 1150 Balbo
1644 1109 1710 1157 ad-

276 1162 383 1200 iutor
405 1161 494 1213 fuit,
510 1168 568 1200 -ut
591 1163 767 1202 Leonem
792 1161 1015 1203 Armenum
1047 1177 1069 1202 e
1095 1162 1227 1203 medio
1269 1161 1426 1204 tolleret
1464 1163 1711 1219 impexioque

305 1218 487 1255 otiretur.

275 1230 303 1270 Ρ
384 1269 536 1321 Μέγας
563 1264 926 1324 στρατοπεδάρχης
943 1300 955 1322 ,
982 1271 1164 1324 Magnus
1194 1279 1428 1312 castrorum
1457 1269 1711 1326 praefectus.
1752 1292 1754 1294 ’

277 1324 352 1364 Est
382 1331 540 1364 curator
568 1339 704 1364 earum
729 1339 878 1375 rerum,
907 1340 1009 1378 quae
1034 1328 1218 1366 exercitui
1252 1333 1347 1366 sunt
1381 1339 1499 1379 opus,
1526 1325 1711 1366 videlicet

277 1378 571 1430 alimentorum,
597 1381 949 1420 instrumentorum
976 1387 1015 1419 et
1033 1383 1341 1420 necessariorum
1361 1381 1566 1432 omnium,
1601 1381 1712 1421 Pro..

278 1434 590 1474 viandmaister.
628 1434 851 1487 Exponitur
871 1436 1004 1485 etiam,
1033 1438 1215 1489 princeps
1237 1435 1442 1486 exercitus,
1462 1441 1508 1474 ut
1530 1436 1582 1474 sit
1604 1434 1713 1476 idem

278 1488 388 1541 quod
412 1485 716 1543 στρατιάρχηςε
747 1502 840 1529 nam
873 1486 1146 1543 στρατόπεδον
1181 1489 1394 1544 aliquando
1422 1502 1497 1543 pro
1531 1485 1711 1543 στρατὸς

307 1544 454 1583 onitur.

260 1557 305 1598 ‘P
386 1595 746 1651 Πρωταλογάτωρ,
778 1596 970 1637 Summus
993 1598 1173 1652 equitum
1192 1596 1444 1652 praefectus.
1473 1597 1585 1637 Voce
1603 1597 1710 1640 enim

278 1643 427 1704 ἄλογον
475 1653 615 1691 Graeci
649 1652 886 1692 recentiores
923 1667 1070 1706 equum
1109 1659 1178 1691 aut
1206 1653 1429 1691 iumentum
1464 1652 1710 1706 significant,

278 1705 381 1754 facta
409 1720 455 1745 ex
477 1703 627 1745 ἅλόκου
642 1735 654 1756 ,
683 1720 708 1745 a
739 1706 863 1746 verbo
887 1707 1006 1747 halac
1023 1735 1035 1758 ,
1063 1705 1173 1759 quod
1205 1706 1462 1746 orientalibus
1483 1713 1591 1756 erat,
1622 1709 1684 1746 ire
1698 1722 1714 1745 .-

278 1762 373 1813 quia
395 1762 587 1799 maximus
607 1766 645 1798 et
668 1762 903 1812 praecipuus
920 1761 1188 1799 iumentorum
1207 1773 1302 1800 usus
1323 1761 1375 1800 ad
1393 1760 1713 1800 commoditatem

277 1816 481 1854 itinerum.
550 1815 706 1853 Turcae
735 1815 853 1853 etiam
884 1814 1004 1854 hodie
1030 1816 1216 1854 nuntium
1252 1829 1322 1854 seu
1360 1816 1553 1855 viatorem
1582 1815 1712 1870 appel-

261 1867 363 1912 ,lant
387 1870 522 1911 halac.
576 1868 638 1907 Ex
658 1866 810 1908 οἷλόκου
832 1869 952 1922 igitur
975 1862 1137 1920 ἄλογον,
1166 1869 1209 1908 id
1233 1876 1307 1919 est,
1333 1869 1511 1921 brutum,
1540 1871 1630 1910 κατ’
1645 1868 1712 1919 ἐξ-

279 1919 384 1975 οχὴν
409 1926 629 1963 iumentum
660 1930 730 1961 aut
751 1937 875 1976 equus
889 1953 900 1973 ,
930 1930 976 1962 ut
999 1923 1087 1962 Itali
1107 1924 1259 1974 dicunt,
1287 1924 1330 1962 la
1356 1923 1485 1964 bestia
1506 1925 1609 1975 mia,
1636 1938 1711 1978 pro

279 1991 405 2030 equus
431 1992 556 2017 meus.
611 1977 673 2016 Ex
705 1971 856 2029 ἀλόγου
881 1977 925 2016 fit
957 1974 1120 2030 α’λόγιον
1134 2007 1146 2029 ,
1187 1979 1382 2031 equitatus
1412 1991 1483 2017 seu
1516 1992 1711 2031 equorum

280 2033 508 2085 equitumve
525 2045 728 2071 numerus.
784 2031 1013 2072 Praefectus
1035 2026 1260 2087 ἆλογάτωρε
1287 2046 1464 2072 summus
1489 2033 1710 2087 praefectus

279 2084 625 2140 πρωταλογάτωρ.
933 2132 938 2136 ⁴
1468 2138 1472 2140 ι

390 2138 739 2193 Σεβαστοκράτωρ
755 2169 768 2190 ,
807 2139 1207 2194 Augustimperator.
1281 2141 1417 2180 Tertia
1453 2140 1622 2196 dignitas
1660 2140 1713 2182 ab

280 2197 532 2250 imperatore,
562 2195 795 2233 Caesariana
818 2198 1092 2247 praestantior.
1135 2197 1244 2235 Dum
1266 2197 1480 2249 imperator
1500 2194 1712 2249 βασιλεὺς,

280 2245 500 2303 σεβαστὸς,
531 2249 702 2302 Καῖσαρ
725 2249 852 2288 dictus
877 2257 950 2300 est,
979 2260 1060 2289 uno
1087 2251 1304 2304 eodemque
1322 2265 1458 2290 omnes
1476 2251 1550 2290 hos
1574 2251 1712 2290 titulos

281 2306 506 2354 obtinente,
547 2303 755 2357 dignitates
784 2302 922 2343 officiis
963 2318 1009 2343 ac
1049 2318 1131 2343 non
1174 2305 1300 2345 titulis
1341 2307 1565 2344 aestimatae
1602 2312 1710 2345 sunt.

280 2361 426 2403 Postea
451 2372 546 2398 vero
583 2360 838 2411 imperatores
870 2358 1049 2397 luserunt
1083 2358 1224 2410 titulis,
1251 2367 1290 2398 et
1317 2359 1528 2398 honoraria
1550 2359 1713 2414 dignita-

281 2422 368 2454 tum
384 2415 546 2452 nomina
568 2413 652 2451 sine
676 2410 814 2451 officiis
836 2414 1024 2466 impertiti
1050 2421 1142 2452 sunt
1159 2414 1350 2453 arbitratu
1374 2428 1462 2464 suo,
1480 2420 1526 2452 ut
1543 2413 1714 2467 Curopa-
1744 2413 1746 2415 ’

281 2469 361 2508 lata
390 2468 452 2507 his
492 2467 627 2507 verbis
654 2466 857 2506 declarat:
917 2467 1091 2519 Despota
1106 2496 1117 2517 ,
1145 2468 1462 2518 Sebastocrator,
1493 2469 1636 2507 Caesar
1661 2468 1713 2506 ad

282 2523 437 2563 nullum
459 2522 721 2561 ministerium
743 2527 942 2571 tenentur,
971 2523 1047 2560 nisi
1067 2522 1118 2560 ad
1145 2536 1344 2561 summum
1382 2522 1553 2575 aliquem
1572 2523 1713 2575 princi-

283 2586 420 2631 patum
437 2578 707 2627 instituantur,
727 2583 824 2628 puta
846 2582 915 2614 aut
935 2575 1106 2629 regendo
1120 2577 1302 2630 imperio,
1323 2584 1391 2615 aut
1401 2576 1571 2630 gerendo
1589 2576 1711 2617 bello:

284 2635 394 2674 cuius
405 2633 462 2673 rei
474 2630 649 2686 exempla
664 2638 756 2673 sunt
765 2630 872 2686 apud
883 2630 1151 2686 Nicephorum
1164 2632 1379 2687 Gregoram
1392 2645 1512 2685 quam
1529 2630 1714 2686 plurima.
