1832 3138
323 75 393 148 76
853 91 1216 135 CANTACUZENI

126 199 207 235 A-C.
224 202 307 239 1321
327 191 467 248 φωνάς
492 191 834 247 εὖχαριστοῦντες
855 195 940 250 θεῷ
958 195 1015 250 τῷ
1033 193 1194 248 χορηγῷ
1213 192 1284 246 τῆς
1311 189 1486 247 εἰρήνης.
1515 194 1587 237 καί
1618 192 1747 245 αῧτός

323 257 370 297 δὲ
403 253 600 309 βασιλεῦς
625 255 648 298 o‘
677 257 767 306 νέος
787 258 858 299 καί
880 257 917 298 οἱ
941 256 1038 313 περὶ
1074 253 1202 298 αὖτὸν
1230 254 1483 311 διηλλάχθαι
1509 258 1746 312 νομισαντες

316 319 375 377 τῷ
405 317 553 376 ἐγγόνῳ
587 319 659 363 τὸν
694 324 893 375 βασιλέα,
946 321 1117 377 ἔχαιρόν
1157 336 1202 363 τε
1238 317 1358 362 αὖτοί
1370 354 1383 374 ,
1442 322 1514 364 καὶ
1549 321 1742 376 εὐτυχίας

313 379 444 439 ἄκρας
468 381 643 440 ἡγοῦντο
672 385 744 442 τήν
773 387 933 443 ἡμέραν
968 389 1138 442 ἐκείνην.
1167 388 1212 428 ἐκ
1245 386 1327 428 τῶν
1348 387 1570 440 βασιλείων
1594 384 1740 442 ςοῖκαδε

280 447 342 492 Βὸ
369 450 456 499 νέος
477 449 675 505 βασιλεύς
692 448 910 507 οἷπελθών,
950 450 1128 507 διηγεῖτό
1168 466 1214 492 τε
1241 457 1326 499 τοῖς
1347 450 1483 506 φιλοις
1505 449 1604 502 τούς
1637 447 1767 508 κατὰ5

307 511 382 568 τήν
410 515 526 570 δίκην
552 512 720 571 λόγους,
774 515 1048 573 συνεόρταζόν
1086 531 1130 558 τε
1166 515 1239 558 καί
1261 517 1506 572 συνέχαιρον
1537 511 1742 573 ἇλλήλοις.

306 578 511 634 μηνύουσι
547 579 596 635 δή
633 582 706 624 καί
733 581 962 639 Συργιάννῃ
993 580 1045 623 τά
1070 579 1285 637 γεγονότα,
1325 579 1383 630 ὧς
1417 577 1477 635 γἂν
1506 583 1579 624 καὶ
1612 578 1741 632 αὕτὸς

307 644 515 702 συγχαίρῃ
549 651 637 696 τοῖς
666 646 804 703 φίλοις
847 646 1048 704 χαίρουσι
1085 647 1157 689 καί
1190 647 1398 702 μηδεμίαν
1429 644 1504 704 ἔχῃ
1539 648 1740 704 φροντίδα
1787 664 1789 667 ’

306 709 513 765 τήκουσαν
535 709 622 767 ,τήν
657 710 852 768 ψυχήν,,
881 709 938 762 ὥς
970 714 1053 755 τῶν
1089 713 1300 769 προτέρων
1333 705 1413 768 ἤδη
1446 708 1740 766 βουλευμάτων

308 776 594 821 διαλυθέντων
630 779 702 819 καί
726 781 899 833 βεβαίας
929 779 1090 834 εἰρήνης
1111 779 1375 832 γεγενημένης
1408 781 1500 829 τοῖςΙ
1523 777 1795 831 βασιλεῦσιιο

308 842 381 882 καί
409 844 501 884 κατ’
524 840 655 897 εὐχήν
689 839 829 892 αὐτοῖς
870 845 951 886 τῶν
990 841 1246 899 πραγμάτων
1277 842 1579 898 κεχωρηκότων.
1618 842 1740 884 τοῦτο
1775 834 1778 837 ’

207 903 299 950 V·4¹
310 903 391 961 γάρ
423 900 482 962 ⁷1²7
479 922 603 961 χοντο
615 940 629 961 ,
657 905 731 950 τὸν
751 909 833 962 μὲν
849 909 1025 965 βασιλέα
1046 909 1121 963 τῆς
1143 908 1203 955 εἷς
1228 904 1301 948 τὸν
1324 905 1487 962 ἔγγονον
1511 904 1741 961 &negante

309 974 584 1026 μεταβαλεῖν,
625 969 779 1023 αὖτοὺς
815 974 861 1015 δὲ
887 971 1085 1016 κινδύνων
1118 971 1198 1024 ἔξω
1241 971 1524 1022 καταστάντας
1558 970 1740 1028 ἡσυχίαν

315 1031 451 1091 ἄγειν.
481 1034 593 1079 οὕτω
620 1041 697 1092 μὲν
733 1034 806 1081 οὖν
833 1039 976 1089 αὐτοῖς
1012 1037 1123 1092 ἔχειν
1154 1039 1290 1081 ἐδόκει
1321 1036 1374 1079 τά
1400 1039 1658 1094 γεγενημένα·
1685 1034 1738 1079 τά

314 1103 356 1143 δ’
376 1097 485 1157 ἦσαν
518 1103 658 1159 ἕτερον
695 1103 876 1160 τρόπον,
913 1104 970 1155 ὥς
1005 1103 1116 1156 ἔδοξε
1149 1109 1235 1153 τοῖς
1261 1107 1427 1153 πολλοῖς
1455 1103 1501 1145 ἐκ
1531 1103 1614 1144 τῶν
1633 1099 1793 1156 μετὰιό

273 1167 458 1208 Οταῢτα.
487 1167 635 1223 ἐκρίθη
658 1166 739 1225 γάρ
767 1169 928 1227 διανοίᾳ
950 1171 1195 1225 γεγενῆσθαι
1214 1167 1385 1225 τοιαύτῃ
1402 1198 1414 1211 .
1448 1165 1546 1218 ἔθος
1565 1163 1740 1223 ἐπεκρά-
1812 1162 1816 1167 ’

307 1246 408 1284 τησε
443 1230 558 1287 παρά
581 1238 667 1282 τοῖς
695 1236 913 1287 βασιλεῦσι
942 1234 1182 1288 Ῥωμαίων,
1231 1231 1400 1275 ἐπειδάν
1428 1248 1493 1282 τις
1525 1233 1608 1275 τῶν
1641 1233 1741 1274 καθ’

306 1292 415 1349 αἷμα
445 1295 726 1352 προσηκόντων
752 1294 780 1354 ἢ
812 1300 884 1340 καί
908 1292 1042 1349 ἄλλως
1085 1299 1168 1341 τῶν
1207 1300 1252 1340 έν
1278 1301 1410 1351 τέλει,
1454 1291 1740 1355 προσκυνήσας

307 1359 547 1417 ἆσπάσηται
566 1361 639 1405 τὸν
664 1362 783 1405 πόδα
812 1366 887 1406 τοῦ
906 1365 1130 1420 βασιλέως,
1159 1363 1496 1416 ἆντασπάζεσθαι
1522 1365 1595 1405 καί
1611 1361 1739 1405 aaz-dv

307 1425 473 1478 [αὐτὸν]
498 1429 557 1477 εἷς
575 1427 649 1483 τήν
675 1423 796 1483 ὅφιν.
835 1433 906 1472 καί
931 1428 1026 1472 τότε
1059 1429 1109 1485 δή
1130 1431 1215 1478 &tofi
1243 1430 1336 1471 νέου
1369 1430 1574 1483 βασιλέως
1598 1427 1789 1471 dona-20

308 1493 491 1545 σαμένου
517 1492 623 1549 πρὸς
659 1493 733 1537 τὸν
763 1494 868 1538 πόδα
903 1491 989 1537 τὸν
1013 1493 1205 1547 πάππον,
1234 1496 1301 1536 ἵνα
1322 1492 1382 1549 μή
1406 1495 1464 1542 εἰς
1483 1488 1612 1550 ἄκρον
1634 1494 1736 1534 άπε-

296 1558 457 1614 ,χθειας
485 1559 724 1614 ἐληλακέναι
743 1561 853 1617 δοκῇ,
883 1561 980 1603 οὐδὲ
994 1562 1076 1602 τῶν
1097 1559 1286 1609 ἰδιώταις
1313 1557 1598 1616 προσηκόντων
1609 1557 1736 1610 ἅξιῶν

306 1619 569 1686 τὸνὶέγγονον
609 1626 680 1666 καί
709 1628 905 1680 βασιλέα,
937 1622 1209 1681 άντεφίλησεν
1238 1627 1298 1673 εἰς
1332 1622 1379 1665 τὸ
1414 1622 1634 1680 πρόσωπον
1666 1625 1738 1664 καί

277 1682 469 1735 Βαῦτός.
498 1683 602 1730 ἄλλά
632 1687 684 1731 τά
707 1693 784 1743 μὲν
808 1693 881 1748 τῆς
901 1688 1002 1748 πρὸς
1029 1687 1231 1746 ἀλλήλους
1265 1690 1480 1740 διαλέξεως
1501 1690 1582 1732 τῶν
1612 1691 1736 1743 βασι*

400 1766 455 1789 20.
481 1755 571 1790 Unci
592 1757 696 1804 vulgo
728 1758 866 1794 desunt.

305 1833 446 1868 niorem
476 1836 654 1880 placatum
679 1835 859 1877 arbitrati,
892 1836 1031 1871 laetitia
1062 1836 1239 1870 exsultare
1274 1834 1443 1881 diemque
1474 1834 1579 1870 illum
1606 1833 1733 1868 candi-

307 1878 495 1915 dissimum
529 1881 700 1915 iudicare.
748 1884 794 1915 Et
828 1883 970 1917 rediens
1004 1884 1171 1924 domum,
1206 1892 1318 1926 nepos
1352 1882 1521 1927 inquam,
1552 1891 1734 1926 sermones

305 1926 346 1958 in
369 1926 504 1961 iudicio
527 1927 669 1962 habitos
694 1930 903 1963 necessariis
927 1930 1001 1962 suis
1028 1928 1268 1971 memorabat;
1299 1928 1362 1972 qui
1394 1939 1516 1963 omnes
1541 1938 1612 1967 una
1635 1926 1732 1960 diem

306 1971 437 2004 festum
468 1975 716 2007 communibus
745 1975 882 2019 gaudiis
906 1976 1119 2020 exigebant:
1152 1974 1341 2018 Syrgianni
1375 1974 1523 2020 insuper
1546 1978 1624 2006 acta
1647 1983 1731 2017 pcr—

305 2017 527 2059 scribentes,
557 2025 598 2052 ut
623 2026 661 2053 et
694 2022 771 2064 ipse
806 2021 975 2065 gauderet
1008 2033 1088 2055 cum
1119 2020 1242 2053 amieis
1273 2019 1528 2063 gaudentibus,
1553 2029 1670 2064 neque
1695 2029 1732 2051 sc

305 2064 382 2098 ulla
409 2065 448 2096 in
471 2069 653 2109 posterum
679 2077 764 2099 cura
787 2072 996 2109 maceraret3
1022 2072 1147 2111 utpote
1174 2065 1324 2099 abiectis
1348 2066 1419 2099 iam
1441 2065 1621 2113 prioribus
1646 2076 1732 2097 con-

305 2109 408 2150 siliis,
433 2115 471 2144 et
491 2111 613 2144 stabili
629 2113 723 2145 inter
746 2113 977 2157 imperatores
989 2112 1180 2147 concordia
1202 2117 1365 2145 revocata
1381 2117 1419 2146 ct
1456 2112 1628 2147 confectis
1653 2122 1731 2144 om-

305 2155 414 2189 nibus
442 2167 486 2189 ex
509 2158 705 2190 sententia.
736 2158 812 2192 Hoc
836 2160 932 2192 enim
959 2164 1047 2200 erat,
1073 2158 1171 2205 quod
1196 2158 1289 2192 votis
1313 2168 1569 2206 saepenumero
1593 2157 1732 2202 petive-

305 2206 407 2236 rant:
430 2207 472 2235 ut
495 2213 579 2236 avus
603 2203 727 2237 odium
752 2210 876 2239 eontra
898 2210 1066 2249 nepotem
1093 2205 1301 2250 deponeret,
1325 2204 1396 2249 ipsi
1423 2217 1469 2239 ue
1491 2203 1732 2251 periculorum

303 2253 403 2282 metu
428 2248 538 2283 soluti
564 2260 606 2283 ac
627 2250 753 2291 liberi,
787 2251 896 2285 vitam
925 2251 1102 2296 placidam
1129 2257 1165 2284 et
1200 2251 1359 2296 quietam
1399 2217 1446 2285 de
1470 2255 1580 2285 erent.
1628 2248 1732 2294 Quae

302 2294 416 2339 igitur
438 2300 535 2340 gesta
559 2295 720 2338 fuerant,
743 2296 839 2331 hunc
862 2298 901 2332 in
924 2298 1068 2332 modum
1091 2297 1225 2330 habere
1249 2308 1286 2330 se
1310 2297 1384 2330 illis
1407 2299 1442 2331 vi
1470 2297 1639 2331 ehantur:
1664 2295 1731 2327 ali-

303 2344 360 2374 ter
374 2345 496 2375 tamen
515 2340 696 2383 habuisse,
717 2344 823 2376 multi
847 2354 891 2377 ex
914 2345 972 2384 iis,
1023 2355 1090 2377 uae
1111 2348 1236 2390 postea
1261 2349 1448 2378 consecuta
1471 2347 1564 2383 sunt,
1590 2341 1730 2374 inteni-

302 2385 446 2430 gebant.
498 2387 573 2422 Hac
602 2388 699 2422 enim
727 2395 850 2424 mente
872 2396 970 2435 gesta
997 2356 1126 2431 ssuisse,
1156 2389 1401 2422 indicabatur.
1441 2390 1540 2423 More
1562 2387 1729 2421 Romanis

302 2432 580 2477 imperatoribus
611 2439 793 2479 receptum
835 2442 934 2477 erat,
969 2448 1049 2470 cum
1081 2437 1422 2481 consanguineorum
1455 2441 1517 2469 aut
1545 2435 1730 2479 magistra-

302 2483 406 2512 tuum
428 2478 560 2524 aliquis
585 2480 780 2515 secundum
809 2481 1056 2516 adorationem
1078 2482 1209 2527 pedem
1242 2483 1464 2526 imperatoris
1486 2480 1607 2515 osculo
1642 2489 1728 2527 con-

302 2524 462 2569 tigisset,
492 2530 533 2559 ut
562 2525 754 2571 imperator
776 2528 929 2562 vicissim
962 2530 1037 2562 eius
1063 2529 1190 2562 faciem
1215 2527 1491 2561 deoscularetur.
1548 2526 1636 2559 Cum
1648 2525 1730 2559 ‘uita-

304 2580 375 2615 que
397 2576 475 2604 tum
500 2582 611 2618 nepos
635 2575 691 2606 avi
714 2572 842 2618 pedem
865 2574 1040 2609 osculatus
1067 2575 1212 2616 suisset,
1237 2574 1312 2615 ille,
1338 2585 1385 2607 ne
1407 2570 1619 2617 inexpiabili
1644 2569 1728 2603 odio

303 2617 448 2661 flagrare
472 2619 692 2659 crederetur,
729 2620 759 2653 si
795 2630 841 2652 ne
867 2620 912 2653 iis
948 2621 1095 2667 quidem
1131 2625 1299 2666 nepotem
1327 2626 1364 2653 et
1388 2621 1636 2664 imperatorem
1669 2615 1727 2648 di-

305 2667 481 2708 gnaretur,
505 2677 596 2715 quae
610 2666 757 2714 privatis
780 2666 1034 2711 tribuerentur,
1058 2667 1188 2704 facicm
1207 2668 1282 2701 eius
1302 2671 1423 2703 contra
1444 2668 1480 2699 ct
1504 2663 1580 2711 ipse
1607 2661 1727 2700 osculo
