1708 3178
386 718 1229 785 PRAEMoNlrun

664 921 937 930 —nm-

73 1133 241 1222 Hanc
283 1170 466 1203 novam
502 1155 709 1205 Ioannis
735 1158 1073 1207 Cantacuzeni
1108 1157 1407 1218 editionem,
1445 1174 1531 1207 cu-

13 1306 32 1311 „
75 1236 155 1286 ius
196 1242 340 1284 nunc
386 1236 617 1306 primum
665 1241 920 1295 volumen¹
948 1241 1148 1310 prodit,
1194 1242 1395 1309 reliqua
1427 1239 1530 1289 duo

30 1319 44 1330 ”
74 1325 355 1386 sequentur
386 1320 636 1387 proxime,
682 1321 988 1391 descriptam
1021 1324 1319 1373 exhibemus
1352 1323 1418 1372 ad
1450 1340 1532 1372 ex-

28 1391 44 1405 ”
75 1401 308 1470 emplu'm
341 1400 580 1469 editionis
599 1402 879 1465 Parisinae,
916 1420 1048 1470 quae
1075 1421 1213 1452 anno
1242 1399 1379 1465 1645.
1413 1401 1532 1451 voll.

29 1491 32 1495 ’
75 1487 120 1533 5.
159 1483 245 1532 fol.
268 1483 417 1556 'typis
448 1482 598 1550 regiis
631 1483 871 1552 impressa
905 1497 991 1534 est.
1068 1486 1262 1535 Graeca
1302 1484 1534 1553 primum

14 1631 18 1636 .
76 1573 135 1617 ea
168 1564 326 1628 editio
357 1565 612 1633 vulgavit,
650 1583 813 1633 eaque
846 1584 907 1616 ex
927 1573 1046 1617 uno
1081 1567 1254 1617 codice
1286 1567 1531 1625 Parisino,

26 1649 32 1654 ’
73 1648 154 1698 uti
185 1647 313 1697 haec
330 1648 506 1707 verba,
534 1648 591 1697 in
617 1647 771 1699 titulo
795 1649 987 1718 posita,
1024 1661 1296 1700 testantur:
1335 1649 1534 1698 Graeca

23 1738 30 1742 '
71 1745 205 1778 nunc
231 1732 447 1794 primum
476 1728 727 1794 prodeunt
759 1746 828 1778 ex
863 1730 1033 1778 codice
1063 1730 1169 1779 MS.
1194 1731 1533 1779 Bibliothecae

25 1814 28 1816 ’
63 1811 142 1860 -V
141 1813 209 1859 iri
240 1810 574 1859 Illustrissimi
597 1811 740 1859 Petri
772 1809 1020 1876 Seguierii
1052 1813 1299 1860 Franciae
1334 1812 1533 1861 Cancel-

36 1903 39 1905 ’
73 1896 204 1944 larii.
250 1895 295 1942 E
327 1893 533 1961 regione
566 1905 729 1942 textus
760 1894 955 1961 graeci,
989 1894 1135 1943 sectis
1158 1894 1378 1963 paginis,
1425 1911 1533 1943 ver-

70 1975 267 2030 sionem
308 1975 526 2024 la'tinam
559 1974 738 2030 habet,
787 1993 946 2042 quam
979 1975 1192 2025 Iacobus
1236 1979 1526 2036 Pontanus,

71 2058 245 2108 codice
287 2057 529 2107 Bavarico
571 2075 716 2116 usuS,
764 2056 966 2106 dudum
1008 2069 1129 2107 ante
1161 2056 1326 2107 edidit
1359 2059 1529 2126 Ingol-

16 2151 18 2153 ’
70 2141 222 2192 stadii
255 2159 393 2191 anno
434 2143 591 2199 1603„
628 2139 1049 2189 annotationibus
1073 2144 1193 2189 cum
1210 2140 1312 2190 suis
1346 2152 1459 2190 tum
1491 2144 1532 2189 Ι.

53 2224 298 2282 ,Gretseri
341 2235 559 2273 auctam.
627 2222 757 2286 Quis
801 2220 1081 2272 editionem
1125 2222 1409 2272 Parisinam
1442 2240 1528 2271 cu-

28 2310 31 2317 ’
72 2307 278 2366 raverit,
315 2323 484 2373 neque
528 2305 711 2355 titulus
744 2322 912 2371 neque
944 2304 1196 2373 praefatio
1244 2304 1403 2354 tradit
1414 2327 1428 2366 3
1475 2316 1528 2353 at

59 2386 336 2440 'hominem
375 2407 495 2438 eum
539 2388 691 2438 fuisse
726 2388 990 2439 eruditum
1038 2404 1316 2455 graeeeque
1349 2386 1530 2436 doctis-

72 2472 288 2531 simum,
322 2471 679 2521 annotationes
712 2471 933 2538 margini
968 2469 1253 2538 adscriptae
1288 2469 1526 2538 probant,

73 2553 262 2616 quibus
296 2566 409 2605 tum
441 2554 575 2604 locos
610 2572 718 2602 non
751 2553 823 2602 ita
854 2552 1028 2603 faciles
1052 2552 1323 2602 intellectu
1354 2568 1415 2599 ex
1449 2552 1527 2601 in-

74 2637 263 2688 teriore
306 2636 483 2686 rerum
524 2635 818 2703 cognitione
858 2636 1124 2704 explanat,
1181 2646 1293 2684 tum
1343 2631 1528 2682 codicis

77 2718 156 2772 sui
219 2717 524 2789 corruptelis
579 2718 916 2770 felicissimam
957 2718 1264 2788 plerumque
1320 2713 1526 2765 medici-
