1832 3132
330 88 444 160 370?
867 90 1234 139 CANTACUzENl

132 205 404 260 A.C.1329uat'
428 201 604 258 βασιλέα
637 197 799 255 ὄρῶντα
825 195 879 238 τὰ
907 196 1081 238 τοιαῦτα
1107 192 1293 249 ἥδεσθαί
1323 207 1366 236 τε
1395 188 1500 247 ἄγαν
1526 191 1755 250 ’ὑπερφυῶς

326 270 399 312 καί
432 271 518 315 τοῖς
545 259 684 312 ἄλλοις
711 261 1001 304 ἐνδείκνυσθαι
1040 260 1098 308 ὥς
1125 258 1190 314 εἴη
1219 256 1331 316 αὗτῷ
1358 261 1455 299 καθ’
1483 255 1672 314 ἡδονήν.’
1701 256 1755 299 τοὶ
1788 297 1796 300 ⁷

325 333 501 375 τοιαῦτα
531 331 577 371 δὲ
607 328 703 369 οὐδὲ
731 328 784 383 τῇ
821 325 1007 380 βασιλίδι
1033 318 1163 380 ’Ἀννῃ
1193 318 1386 378 ἄγνωστα
1424 319 1501 378 ἦν,
1538 319 1644 366 ἆλλὰ
1673 339 1756 364 πα-

327 396 478 454 ρούσης
505 391 577 436 καὶ
603 389 748 448 αἰῖτῆς,
772 390 1000 447 ἐπράττετο
1027 388 1245 442 πολλάκις,
1274 385 1330 438 ὦς
1355 389 1426 430 καί
1450 388 1626 442 βασιλέα
1653 385 1759 443 πρὸς

281 461 393 507 Βτὸν
419 458 550 514 μέγαν
579 458 822 511 δομέστικον
849 458 1007 510 λέγειν,
1048 449 1113 497 ὅτι
1140 453 1214 507 »τί
1253 453 1293 494 δ’
1316 448 1368 494 ἂν
1395 450 1457 508 εἴη
1486 451 1634 506 δεινὸν,
1661 454 1701 495 εἰ
1727 450 1783 497 (ἳὸ

323 524 422 583 ἰδίᾳ,
448 525 582 567 ταῦτα
613 525 686 564 καί
712 519 889 579 δημοσία
917 519 1127 576 πραχθείη
1156 519 1229 560 καὶ
1254 521 1341 566 τοῖς
1367 518 1473 560 πᾶσι
1498 519 1656 572 γένοιτο
1683 533 1758 559 κα-
1810 566 1813 568 ,

320 591 538 646 ταφανῆ”;
589 587 612 629 ὅ
643 590 670 630 δ
680 589 690 607 '
721 588 846 629 οῦδὲν
873 581 998 641 ἧττον
1036 580 1067 640 ἧ
1096 582 1299 641 πρότερον
1327 581 1576 637 ἀπεωθεῖτο,
1616 583 1759 640 οἷρκεῖ-

321 658 426 697 σθαι
455 660 544 703 τοῖς
572 653 751 709 παροῦσι
779 650 972 708 φάσκων.
1017 647 1124 692 ἀλλὰ
1152 646 1250 705 περὶ
1271 649 1351 702 μὲν
1375 646 1532 692 τούτων
1557 648 1630 704 τῆς
1655 643 1760 703 ἄλη-

324 719 448 770 θείας
471 720 588 761 ἕνεκα
615 719 799 760 τοσαῦτα
827 715 987 772 εἴρηται
1016 717 1128 772 ἡμῖν.
1471 716 1473 720 ”
1573 769 1576 771 Α
1670 763 1673 768 ,

195 793 308 832 2227
435 785 464 826 ι’.
524 780 587 826 Οὔ
607 787 773 831 πολλοῖς
801 784 847 824 δὲ
880 781 992 824 ἔτεσι
1019 778 1221 838 πρότερον
1242 776 1464 835 Ζαχαρίας
1486 779 1705 827 Μπενέτος
1734 776 1758 820 ὅ
1767 795 1813 822 ιο

322 852 368 894 ἔκ
390 853 431 893 Γ
428 850 599 899 εννούας
623 851 674 907 τῇ
695 851 789 907 Χίῳ
820 849 1062 902 ἐπιθέμενος
1086 847 1307 904 ἐκράτησεν
1329 846 1475 900 αὐτῆς.
1527 848 1696 899 βασιλεῖ’
1713 845 1761 886 δὲ

317 916 546 968 “-Ρωμαίων
580 916 639 972 τῷ
673 914 940 970 πρεσβυτέρῳ
974 913 1225 969 Ἀνδρονίκῳ
1268 909 1339 953 διὰ
1371 908 1446 960 τοὶς
1473 908 1634 964 συχνὰς
1660 909 1762 965 ἑφό-

289 981 424 1027 Βδους
450 982 534 1021 τῶν
549 980 733 1035 Περσῶν
762 976 867 1019 κατὰ
887 979 969 1019 τῶν
999 975 1102 1033 πρὸς
1121 978 1175 1019 ἕω
1208 981 1295 1026 τοῖς
1315 976 1548 1029 εΡωμαίοις
1565 974 1761 1030 ὑπηκόων

322 1043 482 1086 πόλεων
517 1043 567 1085 οὖ
594 1042 750 1101 ῥᾳδίως
781 1041 916 1096 ἔχοντι
945 1044 1107 1099 πολέμῳ
1136 1040 1210 1097 τὴν
1244 1043 1370 1097 νῆσον
1391 1038 1623 1094 ε.Ροο,ιιοιιόις
1657 1039 1762 1082 ἅνα-

323 1111 535 1163 κτᾶσθαι,
572 1107 685 1159 ἔδοξε
706 1112 937 1157 λυσιτελεῖν
967 1106 1179 1164 εἰρηνικὰς
1203 1105 1306 1162 πρὸς
1333 1107 1556 1162 Ζαχαρίαν
1579 1103 1816 1154 σπονδὰςιὸ

322 1177 504 1229 θέσθαι,
545 1171 650 1217 (ὅστε
678 1176 784 1216 Χίον
810 1175 886 1227 μὲν
910 1175 982 1215 ἐπὶ
1013 1174 1111 1216 δέκα
1141 1171 1252 1214 ἔτεσι
1281 1174 1538 1226 κατέχεσθαι
1563 1174 1660 1227 παρ’
1682 1166 1764 1212 αὖ-

322 1242 400 1282 τοῦ
425 1242 500 1282 καί
519 1241 678 1295 μηδένα
709 1242 880 1293 βασιλεῖ
904 1240 1102 1294 παρέχειν
1122 1237 1278 1294 φόρον,
1308 1234 1586 1291 ὀνομάζεσθαι
1615 1238 1662 1279 δὲ
1679 1233 1763 1291 μό-

324 1322 395 1349 νον
421 1307 628 1360 βασιλέως
656 1306 732 1347 καί
752 1305 934 1359 σημαίας
962 1305 1033 1346 ἐπὶ
1053 1306 1137 1345 τῶν
1156 1305 1307 1358 τειχῶν
1335 1300 1567 1357 ἀνάγεσθαι
1596 1305 1762 1356 βασιλι-

323 1370 422 1424 κὰς,
459 1369 564 1424 μετὰ
598 1372 644 1411 δὲ
664 1368 739 1425 τήν
766 1370 979 1411 δεκαετίαν
1007 1367 1131 1411 πάλιν
1153 1369 1377 1422 Ῥωμαίοις
1399 1366 1476 1424 τὴν
1498 1369 1622 1423 νῆσον
1654 1368 1762 1409 ἄπο-

323 1435 503 1477 διδόναι.
555 1435 752 1484 τοιαύτας
778 1437 858 1488 μὲν
888 1433 1088 1488 βασιλεύς
1121 1433 1199 1483 τοὶς
1232 1434 1400 1490 πρώτας
1430 1431 1612 1483 σπονδὰς
1639 1431 1813 1477 &vermo

322 1499 428 1556 πρὸς
449 1499 685 1556 Ζαχαρίαν·
727 1502 771 1542 ἐν
796 1506 883 1549 τοῖς
920 1498 1058 1550 αὐτοῖς
1081 1502 1128 1542 δὲ
1157 1499 1287 1543 ἔτεσιν
1321 1495 1446 1548 αὖτὸς
1469 1499 1694 1554 περιεποίει
1716 1514 1762 1540 τε

189 1579 233 1619 v.
253 1564 400 1621 ,83τὴν
444 1567 567 1620 νῆσον
589 1563 725 1623 ἑαυτῷ
747 1563 1073 1618 ὑποποιούμενος
1097 1564 1197 1614 τούς
1214 1563 1361 1618 Χίους,
1389 1566 1462 1606 καί
1481 1563 1658 1619 Ὠχὺρου
1686 1561 1764 1619 τὴν

324 1629 444 1672 πόλιν
480 1628 530 1673 τά
563 1647 605 1674 τε
636 1631 894 1686 πεπονηκότα
922 1630 1230 1685 α’νοικοδομιὸν,
1277 1631 1351 1674 καί
1377 1628 1496 1672 εἵπου
1522 1630 1638 1683 δέοι,
1678 1632 1765 1679 τοῖς

326 1776 356 1810 si
389 1776 531 1822 quando
560 1776 667 1810 simul
692 1781 980 1821 pernoctassent,
1010 1775 1196 1811 cothurnis
1231 1776 1308 1810 eius
1344 1776 1514 1811 licentius
1547 1785 1653 1823 quam
1689 1774 1764 1808 suis

324 1823 507 1863 utebatur,
535 1824 733 1869 agebatque
761 1825 992 1868 imperatorie
1012 1824 1149 1857 omnia:
1181 1829 1223 1858 ut
1243 1824 1437 1868 imperator
1461 1824 1628 1863 intuens,
1653 1822 1764 1855 etiam

326 1874 434 1914 atque
467 1871 575 1902 ctiam
598 1869 901 1915 vehementerque
931 1871 1127 1903 lactaretur
1158 1875 1195 1903 et
1225 1869 1395 1915 gaudium
1425 1876 1529 1903 suum
1564 1879 1633 1902 nec
1668 1865 1764 1911 apud

324 1915 413 1948 alios
431 1917 581 1949 tacitum
600 1915 734 1949 hahere
755 1922 885 1960 posset.
934 1917 1008 1950 Nec
1037 1918 1107 1949 ista
1127 1915 1265 1949 Annam
1293 1916 1553 1960 imperatricem
1581 1914 1761 1948 latebant:

325 1961 364 1993 in
398 1963 498 1995 cuius
526 1969 717 2006 conspectu
750 1963 874 1995 eadem
912 1974 1016 2007 saepe
1057 1962 1234 1996 faciebat:
1259 1968 1301 1995 ut
1327 1963 1520 2007 imperator
1541 1961 1574 1994 ei
1590 1971 1765 1993 nonnun-

326 2018 433 2052 quam
454 2007 608 2048 diceret,
634 2009 734 2053 Quid
756 2008 900 2041 tandem
919 2010 1013 2042 foret
1026 2009 1124 2046 mali,
1149 2010 1179 2041 si
1195 2020 1285 2054 quae
1313 2009 1482 2053 privatim
1507 2008 1593 2053 agis,
1619 2005 1764 2050 publice

325 2054 474 2093 fierent,
506 2061 809 2099 noscerenturque
847 2055 891 2088 ab
924 2054 1117 2088 omnibus?
1152 2055 1218 2088 Ille
1259 2055 1377 2088 nihilo
1406 2052 1524 2087 minus
1554 2058 1595 2086 ut
1625 2063 1765 2096 semper

325 2100 568 2139 renitebatur,
593 2101 842 2145 praesentibus
857 2113 893 2134 sc
912 2107 1121 2135 contentum
1145 2107 1344 2135 autumans.
1392 2100 1442 2134 Ac
1465 2099 1511 2134 de
1535 2098 1592 2133 his
1617 2098 1766 2144 quidem

325 2146 486 2180 veritatis
504 2147 751 2180 testificandae
774 2159 878 2180 causa
898 2154 1037 2182 tantum
1061 2147 1193 2180 dixisse
1213 2147 1376 2181 sufficiat.

426 2204 474 2226 ιο.
523 2193 605 2226 Non
655 2194 777 2226 multis
822 2199 904 2227 ante
948 2195 1050 2227 annis
1085 2193 1301 2227 Benedictus
1339 2193 1524 2227 Zacharias
1562 2191 1764 2225 Genuensis

329 2236 459 2278 Chium
485 2239 679 2279 invadens,
714 2251 754 2273 ea
778 2240 914 2284 potitus
941 2246 1004 2274 est.
1054 2239 1144 2272 Cum
1167 2251 1250 2274 vero
1277 2240 1412 2273 seniori
1437 2238 1640 2272 Andronico
1678 2249 1764 2282 pro-

327 2290 409 2328 pter
437 2284 644 2330 frequentes
670 2291 707 2318 et
732 2286 880 2319 infestas
902 2288 1086 2320 Persarum
1110 2288 1149 2319 in
1180 2285 1285 2319 urbes
1311 2286 1505 2318 orientales
1530 2285 1767 2317 Romanorum

281 2345 291 2356 ·
328 2332 553 2364 incursiones
588 2330 738 2364 difficile
773 2338 867 2365 esset
900 2333 1054 2366 insulam
1078 2343 1298 2377 recuperare,
1335 2343 1459 2376 pacem
1484 2341 1565 2365 cum
1600 2329 1765 2363 Zacharia

330 2378 546 2421 composuit,
572 2377 637 2410 sub
665 2389 707 2410 ea
732 2378 953 2420 conditione,
976 2384 1018 2411 ut
1041 2380 1071 2411 is
1097 2377 1227 2412 Chium
1253 2379 1428 2411 retineret
1450 2388 1514 2421 per
1538 2375 1766 2417 decennium,

331 2434 399 2455 nec
424 2429 517 2457 esset
549 2424 779 2458 tributarius:
816 2430 954 2459 tantum
988 2430 1030 2458 ut
1054 2425 1171 2458 insula
1205 2424 1428 2468 imperatoris
1452 2428 1638 2457 vocaretur
1667 2428 1704 2455 et
1727 2423 1767 2455 in

331 2471 442 2502 muris
467 2471 565 2514 signa
591 2470 668 2502 eius
694 2471 903 2515 figerentur:
941 2483 984 2504 eo
1010 2476 1083 2504 tem
1112 2481 1172 2504 ore
1197 2470 1325 2511 finito,
1362 2470 1528 2503 Romanis
1555 2465 1765 2503 restituere-

330 2520 400 2548 tur.
449 2516 526 2549 Hoc
557 2516 684 2549 foedus
708 2518 864 2560 primum
906 2529 986 2550 cum
1022 2483 1189 2550 Zacharia
1213 2516 1391 2561 percussit
1417 2517 1619 2560 imperator.
1667 2516 1765 2547 Intra

332 2561 479 2595 eoadem
519 2574 630 2596 annos
666 2563 869 2603 Zacharias,
904 2563 1002 2597 Chiis
1034 2563 1217 2603 subactis,
1254 2563 1408 2595 insulam
1445 2563 1501 2595 sui
1535 2562 1623 2595 iuris
1659 2560 1766 2594 fecit:

331 2607 513 2651 Ochyrum
539 2608 712 2654 oppidum
741 2615 778 2643 et
813 2609 885 2642 alia
917 2614 1095 2643 vetustate
1134 2609 1278 2642 ruinosa
1311 2609 1547 2642 instauravit:
1584 2613 1621 2640 et
1651 2606 1769 2652 sicubi

333 2664 421 2699 opus
458 2660 558 2698 erat,
598 2666 719 2689 muros
743 2657 782 2691 in
805 2656 1034 2691 altitudinem
1056 2656 1227 2690 maiorem
1251 2655 1397 2689 eduxit:
1437 2654 1572 2695 fossas,
1610 2653 1698 2687 item
1731 2657 1768 2686 et
