1832 3132
314 110 423 176 340
668 121 671 123 ’
798 120 800 122 ’
838 118 1208 167 ΟΑΝΤΑΟΠΖΕΝΙ

124 231 161 264 Α.
177 229 308 266 &1328
315 227 457 282 χὰνην,
491 224 564 266 καί
589 220 635 272 ὃς
669 221 814 278 ἄφῖκτό
832 220 1012 264 ’τεικατιὶ
1030 222 1160 277 τάχος
1181 222 1253 266 καί
1265 222 1372 277 μἐτά
1392 224 1542 280 πολλῆς
1564 223 1637 280 τῆς
1655 238 1734 279 μοι·

315 288 522 346 τριότητος
553 289 644 340 καί,
689 282 950 339 οἷονεῖπεῖν,
993 288 1180 336 δουλείας
1210 290 1444 342 συνεγένετο
1470 289 1530 345 τῷ
1555 292 1734 342 βασιλεῖ’.

314 354 371 402 ὥς
387 350 465 407 γάρ
487 349 606 405 ἐγγύς
634 352 791 404 ἐγένετο
817 347 914 393 ὅσον
940 348 1040 407 ὅρᾷν
1072 367 1116 393 τε
1141 349 1212 394 τὸν
1235 354 1411 406 βασιλέα
1444 352 1518 395 καί
1546 352 1732 410 ὁρᾶσθαι

312 420 411 473 παρ’
434 412 576 467 αὐτοῦ,
617 412 742 464 αύτός
763 431 807 457 τε
836 414 909 457 καί
938 410 1056 457 ἄλλοι
1075 418 1245 472 Πέρσαι
1267 418 1348 459 τῶν
1373 418 1508 460 ἵππων
1529 415 1735 471 καταβάνὲ

276 494 376 530 Βτες
400 478 472 522 καί
495 480 767 535 προελθόντες
795 479 864 522 ἐπὶ
880 478 1028 536 μικρὸν
1040 513 1053 533 ,
1090 479 1129 521 οἱ
1156 482 1234 533 μὲν
1253 475 1371 522 ἄλλοι
1391 479 1539 530 πάντες
1563 476 1758 526 ἅπωθενό

311 546 384 589 τὸν
420 546 593 599 βασιλέα
631 546 928 600 προσεκύνουν,
973 543 1046 595 τὰς
1081 544 1266 600 κεφαλὰς
1297 543 1527 600 ἐρείσαντες
1560 543 1632 588 ἐπὶ
1660 544 1734 600 τὴν

308 611 399 665 γῆν·
443 607 567 658 αύτὸς
592 610 637 650 δ’
665 604 768 665 ἄχρι
789 610 991 662 βασιλέως
1013 607 1150 651 ἐλθών
1175 610 1291 665 πεζῇ,
1331 609 1572 665 προσεκύνει
1593 625 1640 652 τε
1664 610 1736 651 καί

306 675 516 731 ἠ’σπάζετο
541 673 610 717 τὸν
630 674 834 728 βασιλέως
856 673 961 715 πόδα
975 708 988 728 ,
1024 673 1162 716 ἔπειτα
1185 669 1363 730 ἔφιππος
1383 671 1598 729 γενόμενος
1606 699 1628 728 ,·
1654 674 1735 728 μό-

311 756 378 789 νος
406 738 520 798 μόνῳ
548 741 784 794 συνεγένετο
815 741 870 796 τῷ
897 743 1070 794 βασιλεῖ.
1115 738 1244 781 πολλοὶ
1274 741 1321 781 δὲ
1354 737 1458 796 πρὸς
1487 740 1612 783 αὐτὸν
1638 742 1737 796 περὶ

312 803 472 860 εἰρήνης
498 806 790 859 διαλεχθέντος
817 806 1019 859 βασιλέως
1053 807 1125 846 καί
1145 800 1196 846 εὖ
1219 803 1405 859 ποιήσειν
1435 804 1787 860 ἐπαγγειλαμέ-ιο

311 885 411 922 νου,
446 868 576 918 αὐτὸς
599 872 677 922 μὲν
708 870 766 920 εἷς
794 868 841 911 τὸ
868 872 1013 912 οἰκεῖον
1043 869 1347 926 στρατόπεδον,
1386 868 1581 924 βασιλεῦς
1610 871 1656 912 δ’
1676 872 1736 918 εἰς

312 933 460 989 Πηγὰς
487 932 564 990 τήν
596 933 714 976 πόλιν
746 935 966 990 ἐπανῆλθε.
1006 937 1078 977 καί
1101 937 1144 984 ἐς
1169 933 1243 989 τὴν
1272 932 1496 990 ὑστεραίαν
1525 933 1649 987 πάλιν
1667 935 1736 977 ἐλ-

310 997 401 1040 θών
429 997 452 1039 ὅ
478 999 753 1054 Ταμηρχάνης
785 1000 857 1041 καί
887 998 1175 1056 προσκυνήσας
1199 999 1373 1052 βασιλέα
1400 997 1472 1040 καί
1494 995 1736 1053 ἐπαγγειλᾶ,

309 1079 433 1116 μενος
457 1064 621 1120 εἰρήνην
652 1059 764 1114 ἄξειν
799 1065 875 1107 τοῦ
898 1067 1044 1106 λοιποῦ
1076 1064 1149 1106 καί
1178 1070 1262 1114 τοῖς
1290 1062 1403 1107 κατὰ·
1426 1062 1501 1120 τὴν
1534 1065 1591 1106 ἕω
1621 1063 1735 1106 ‘Pm-

309 1128 450 1182 μαίοις
470 1130 672 1184 μηδέποτε
703 1129 1056 1186 ἐπιστρατεύσειν,
1095 1128 1244 1185 δώροις
1269 1145 1314 1171 τε
1346 1125 1635 1184 ἄμειψαμένου
1656 1129 1788 1182 βαι-15

311 1193 457 1242 σιλέως
497 1194 622 1245 ἄξι’ως
657 1191 832 1247 ἑαυτοῦ,
879 1193 901 1236 ὅ
942 1198 1021 1248 μὲν
1054 1197 1319 1246 ἐπανέζευξεν
1358 1196 1416 1243 εἰς
1454 1192 1529 1249 τὴν
1569 1191 1736 1246 οἰκείαν,

272 1256 414 1314 Οᾶπερ
451 1250 712 1313 ἐπηγγείλατο
738 1255 875 1314 οἷληθῆ
905 1259 976 1301 ἐπὶ
1014 1261 1097 1301 τῶν
1129 1258 1259 1315 ἔργων
1291 1255 1560 1313 ἆποδεικνύς·.
1598 1254 1737 1299 mix-{u

307 1321 387 1379 γάρ
427 1324 550 1365 ου’δὲν
590 1315 759 1379 ἠδίκησε
793 1324 1046 1377 (Ρωμαίους
1097 1322 1292 1378 βασιλεὺς
1331 1325 1377 1365 δὲ
1410 1324 1469 1372 εἰς
1500 1323 1736 1372 Βυζάντιον

308 1389 519 1443 ἐπανῆκεν.
553 1386 656 1430 ἔνθα
688 1388 941 1445 διατριβοντι
965 1388 992 1430 o‘
1017 1391 1100 1442 τῶν
1132 1390 1298 1431 Μυσῶν
1324 1386 1521 1442 βασιλεύς
1539 1384 1734 1441 ’Μιχαὴλ
1764 1410 1766 1412 ·

180 1455 217 1491 V.
236 1453 561 1507 ι69μεμήνυκεν,
596 1455 636 1494 εἰ
660 1452 836 1507 ἀρεστὸν
865 1453 978 1510 αὐτῷ
1008 1452 1092 1508 εἴη,
1120 1455 1333 1494 συνελθεῖν
1352 1467 1395 1494 τε
1423 1447 1537 1508 αύτῷ
1558 1452 1630 1493 καί
1658 1448 1786 1499 micae

308 1515 489 1565 σπονδάς
515 1515 834 1560 ἀνανεώσασθαι
856 1517 928 1559 καί
945 1516 1017 1573 τήν
1047 1517 1224 1574 εἰρήνην.
1259 1515 1335 1572 τὴν
1360 1515 1439 1572 γὰρ
1469 1513 1668 1571 πρότερον
1690 1517 1736 1556 ἐν

301 1580 647 1637 Ἀδριανουπ-όλει
681 1583 899 1637 γενομένην
935 1581 1185 1635 συντυχίαν,
1243 1582 1316 1623 τοῦ
1360 1583 1508 1636 καιροῦ
1538 1582 1611 1622 καί
1651 1581 1736 1622 τῶν

304 1648 557 1702 πραγμάτων
593 1647 667 1688 ούκ
700 1644 860 1688 ἐώντων
893 1645 964 1688 διὰ
995 1645 1064 1689 τὸν
1103 1643 1391 1699 συμβεβηκότα
1418 1642 1507 1686 τότε
1539 1644 1733 1697 πόλεμον,

305 1712 370 1752 ἐπ’
400 1711 532 1765 ὀλίγον
561 1726 605 1753 τε
639 1713 889 1767 γεγενῆσθαι
923 1710 996 1754 καί
1029 1712 1349 1768 τεταραγμένως.
1403 1701 1477 1751 καί
1505 1709 1596 1752 ἐπεὶ
1625 1708 1732 1751 κατὰ

397 1824 453 1850 20.
476 1815 540 1847 καὶ
564 1815 690 1860 scripsi
714 1825 780 1860 pro
793 1806 848 1849 τὸ.

306 1914 349 1936 ex
373 1904 553 1937 sententia
586 1905 766 1941 successit.
820 1903 848 1936 E
872 1904 998 1947 Cyzico
1027 1903 1123 1937 enim
1148 1903 1254 1948 Pegas
1279 1903 1324 1937 ad
1346 1901 1619 1947 Hellespontum
1645 1911 1731 1946 pro-

303 1949 440 1990 fectus,
476 1961 555 1982 eum
579 1951 772 1983 accersivit.
819 1949 893 1994 Qui
917 1951 1082 1983 celeriter
1101 1961 1287 1994 praesens,
1324 1959 1448 1992 magna
1480 1947 1730 1982 moderatione

305 2000 342 2027 et
366 1994 628 2040 quodammodo
664 1996 888 2029 subiectione
921 2007 999 2028 cum
1034 1997 1247 2040 imperatore
1279 2005 1484 2039 congressus
1519 1998 1582 2027 est.
1640 1993 1730 2027 Nam

304 2050 384 2072 cum
409 2042 554 2084 propius
578 2041 736 2082 abesset,
779 2047 820 2074 ut
842 2041 914 2073 iam
939 2043 1054 2086 ipsum
1077 2041 1198 2075 videre
1230 2046 1266 2075 et
1290 2040 1335 2073 ab
1362 2042 1439 2085 ipso
1461 2037 1577 2072 videri
1598 2044 1730 2083 posset,

303 2096 384 2118 cum
405 2087 518 2120 Persis
539 2089 611 2120 suis
640 2088 684 2120 ab
703 2088 804 2133 equis
828 2087 1034 2121 descendit:
1060 2089 1278 2132 paulumque
1302 2087 1488 2131 progressi,
1512 2085 1622 2118 ceteri
1646 2085 1729 2129 qui-

305 2131 385 2164 dem
414 2143 534 2166 omnes
560 2134 818 2177 imperatorem,
843 2138 1034 2178 antequam
1057 2134 1397 2178 appropinquarent,
1425 2130 1603 2176 capitibus
1626 2129 1728 2163 humi

306 2177 490 2210 submissis
521 2179 737 2220 adorabant3
775 2180 852 2223 ipse
876 2179 921 2211 ad
944 2191 1025 2212 eum
1049 2179 1202 2224 pedibus
1225 2178 1396 2211 accedens
1431 2183 1470 2210 et
1493 2175 1663 2210 adorabat
1691 2181 1728 2209 et

303 2222 431 2266 pedem
465 2224 563 2256 illius
596 2225 830 2258 osculabatur.
883 2225 1024 2258 Deinde
1061 2237 1154 2270 equo
1180 2234 1391 2265 conscenso,
1425 2223 1521 2256 solus
1545 2233 1625 2255 cum
1649 2222 1725 2255 solo

300 2269 408 2301 verba
433 2270 588 2303 miscuit.
648 2271 844 2314 Imperator
876 2270 940 2303 ubi
974 2271 1095 2304 multis
1132 2282 1210 2303 cum
1236 2281 1277 2303 eo
1311 2269 1356 2303 ‹le
1379 2280 1467 2314 pace
1491 2269 1565 2313 egit
1587 2273 1624 2301 et
1641 2273 1725 2311 ‘gra-

299 2313 387 2347 tiam
412 2315 602 2353 relaturum
626 2317 808 2360 promisit,
832 2316 958 2360 Pegas,
982 2317 1045 2350 ille
1077 2318 1115 2349 in
1142 2322 1252 2350 castra
1287 2326 1350 2348 sua
1382 2314 1501 2348 rediit.
1549 2313 1725 2347 Postridie

300 2366 492 2402 revertens,
519 2362 671 2394 salutato
696 2362 923 2406 imperatore,
945 2374 1066 2406 pacem
1092 2363 1129 2395 in
1143 2367 1323 2407 posterum
1350 2365 1387 2393 et
1401 2359 1566 2393 Romanis
1586 2360 1626 2391 in
1650 2359 1726 2391 ori-

299 2411 383 2439 ente
405 2418 478 2440 non
502 2408 652 2450 amplius
675 2408 860 2440 molestum
886 2409 1043 2441 futurum
1067 2409 1254 2454 promisit:
1294 2406 1470 2451 donisque
1503 2404 1548 2438 ab
1581 2415 1624 2437 eo
1657 2415 1724 2449 pro

300 2451 473 2496 dignitate
500 2453 638 2493 cultus,
671 2452 715 2485 ad
740 2465 820 2486 suos
845 2464 881 2486 se
906 2455 1064 2498 recepit3
1105 2459 1141 2487 et
1163 2454 1335 2497 promissa
1357 2452 1402 2485 ad
1427 2461 1500 2484 rem
1523 2450 1723 2490 conferens,

297 2498 649 2542 nunquam'deinde
686 2500 849 2532 Romanis
882 2501 1015 2532 nocuit.
1076 2500 1271 2542 Imperator
1300 2498 1507 2541 Byzantium
1542 2495 1724 2529 remeavit.

297 2543 354 2576 Ibi
380 2555 458 2577 cum
484 2550 596 2585 esset,
627 2543 783 2577 Michael
807 2545 1009 2578 Moesorum
1037 2556 1099 2578 rex
1127 2545 1160 2578 ei
1183 2544 1368 2589 significat,
1394 2544 1424 2576 si
1447 2542 1621 2586 placeret,
1658 2552 1722 2574 cu-

296 2599 382 2633 pere
406 2601 444 2623 se
462 2591 564 2625 illum
588 2590 777 2623 convenire
801 2595 837 2623 et
860 2590 986 2637 foedps
1010 2592 1216 2624 instaurare.
1255 2587 1488 2633 Adrianopoli
1509 2588 1605 2621 enim
1626 2591 1722 2619 tem-

296 2635 445 2678 poribus
469 2647 542 2670 non
564 2635 778 2676 sinentibus,
805 2635 967 2680 (propter
989 2637 1160 2671 tumultus
1184 2635 1359 2668 videlicet
1378 2633 1556 2675 bellicos,)
1577 2632 1721 2666 brevem

298 2685 335 2713 et
356 2683 602 2725 perturbatum
628 2682 739 2716 fuisse
765 2692 998 2727 congressum.
1047 2682 1135 2716 Cum
1159 2682 1352 2727 placuisset
1382 2679 1612 2725 imperatori,
1651 2677 1720 2723 So-
