1820 3164
280 75 393 150 498
806 86 1176 132 CANTAcUzmi

87 192 359 248 Δ.8.1336τες,
391 193 607 238 κατέλιπον
636 191 844 248 φέρεσθαι
875 188 1083 242 α’νόμευτα
1111 188 1169 239 ὥς
1203 186 1371 244 ἔτυχεν.
1428 189 1478 232 αἳ
1498 187 1714 238 nudam

284 257 381 302 ὅσαι
409 257 611 313 πρότερον
639 256 774 304 κακῶς
806 254 1049 308 πάσχουσαι
1071 248 1176 309 ἦσαν
1197 252 1279 296 ὖπὸ
1315 251 1554 309 Ἀλβανῶν,
1601 254 1715 311 ἐξερ-

281 323 453 381 χόμενοι
471 318 569 379 ἦγον
593 317 675 363 ὅσα
698 322 866 369 ἕκαστος
887 318 1097 374 ἐβούλετο,
1123 317 1352 370 κωλύοντος
1375 317 1579 374 οὐδενός,
1593 319 1718 362 αὕτοί

283 406 328 432 τε
350 388 388 430 οἱ
417 380 579 442 ἔχοντες
610 386 718 440 μετὰ
748 384 796 427 τὸ
826 383 907 427 ὑπὸ
937 386 1113 439 βασιλέα
1142 386 1339 439 γενέσθαι
1368 386 1440 429 καί
1470 386 1715 441 ἐπαγγείλα-

283 458 388 498 σθαι
417 455 608 495 δουλείαν
635 453 796 494 πολλῶν
820 443 1004 505 ἐγένοντο
1034 446 1161 500 αὖθις
1189 447 1328 506 κύριοι
1355 450 1457 494 κατὰ
1483 451 1619 500 νάπας
1643 449 1740 496 καί5
1792 463 1794 465 ’

283 518 360 570 τὰς
391 519 608 575 φάραγγας
628 515 821 573 εὑρόντες
850 517 1173 570 διεσκεδασμένοι
1189 548 1202 569 ,
1235 515 1446 572 ὥνήσαντό
1466 527 1512 559 τε
1535 517 1606 559 καὶ
1629 514 1713 558 dno

283 586 353 641 τῆς
381 586 580 641 στρατιᾶς
604 582 734 626 πολλοὶ
747 617 760 636 ,
803 580 904 639 ὑπὲρ
935 579 1214 624 πεντακοσίων
1241 581 1314 624 ἕνα
1342 583 1590 638 παρέχοντες
1608 598 1719 638 χρυ-

241 651 384 694 Βσοῧν
418 650 663 706 προβάτων,
716 647 821 705 ὖπὲρ
868 649 978 703 βοῶν
1031 649 1077 690 δὲ
1117 644 1280 690 ἑκατόν.
1342 645 1468 697 ἔθους
1517 648 1566 690 δὲ
1605 642 1720 696 ὄντος

286 714 485 772 πρότερον
507 716 557 772 τῇ
590 717 764 773 στρατιᾷ
791 713 958 757 ἐπειδάν
991 729 1099 763 τινος
1125 712 1362 769 κρατήσωσι
1385 713 1502 763 λείας
1537 707 1568 769 ἢ
1591 712 1719 755 πλεί-
1796 751 1797 754 ,

288 797 378 830 ονος
399 777 427 836 ἢ
451 781 683 833 ἐλάσσονος,
711 780 789 836 τήν
805 781 994 834 πέμπτην
1022 784 1176 834 μοῖραν
1200 779 1398 835 παρέχειν
1415 778 1773 839 ἀριστεῖονὶβα-ιο
1789 799 1798 814 >

287 850 417 900 σιλεΐ,
460 849 531 888 καί
570 850 661 900 μετ’
692 847 844 888 ἐκεῖνον
882 846 938 903 τῷ
966 842 1129 902 μεγάλῳ
1168 845 1390 902 δομεστιὸιῳ
1431 842 1525 900 ἴσην
1566 838 1634 886 οἶα
1671 843 1721 899 δή

289 914 364 966 τῆς
401 910 622 966 συμπάσης
660 913 872 969 ἡγουμένῳ
902 911 1123 966 στρατιᾶς,
1167 909 1259 952 τότε
1299 910 1420 953 οὐδὲν
1446 909 1616 953 ἐποίουν
1640 911 1725 952 τῶν

290 977 524 1019 εἰωθότων.
581 978 681 1019 οὐδέ
707 993 771 1027 τις
799 975 977 1031 ἠνώχλει
1005 976 1150 1026 αὐτοῖς
1176 975 1274 1032 περὶ
1297 978 1369 1032 τῆς
1396 977 1606 1032 πέμπτης,
1633 975 1726 1018 ἀλλ’
1800 1017 1803 1020 .

291 1040 429 1098 ὥσπερ
469 1044 514 1094 ἐξ
551 1040 732 1085 οἷεννάων
771 1043 968 1095 ποταμῶν
1006 1042 1101 1097 ἐξῆν
1129 1039 1285 1099 ἑκάστῳ
1324 1037 1434 1085 ὅσων
1475 1036 1528 1083 ἂν
1552 1040 1728 1095 ’βούλοι-

288 1124 336 1150 το
373 1106 515 1164 κύριος
552 1109 772 1162 γενέσθαι.
827 1109 1003 1149 τοιαῦτα
1043 1109 1122 1160 μὲν
1163 1105 1365 1162 Ἀλβανοὶ
1397 1105 1598 1163 πρότερον
1622 1103 1796 1155 τοὺς15’

290 1171 506 1230 ἑσπερίους
543 1172 737 1228 ἠδίκουν,
792 1172 984 1228 τοιαύτην
1022 1174 1068 1215 δὲ
1108 1171 1258 1215 ἔδοσαν
1292 1170 1366 1228 τήν
1394 1171 1510 1231 δίκην
1536 1171 1639 1228 ὗπὲρ
1669 1167 1728 1214 ὦν

290 1235 459 1294 ἠδίκουν
486 1236 687 1293 ὕστερον.
739 1239 879 1288 πόλεις
907 1240 954 1281 δὲ
992 1237 1037 1281 αἱ
1077 1238 1279 1295 πρότερον
1317 1237 1560 1292 πάσχουσαι
1593 1239 1730 1287 κακῶς

294 1305 439 1359 διπλῆς
477 1305 723 1359 ἀπήλαυσαν
758 1303 1017 1359 εὐεργεσίας,
1073 1305 1337 1360 ἕπηρείαςπε
1363 1305 1438 1359 τῆς
1471 1301 1588 1359 παροὶ
1620 1299 1756 1355 'Ast-⁴

255 1371 432 1423 (ἶβανῶν
469 1369 771 1424 ἀπηλλαγμένοι
809 1368 883 1409 καί
917 1370 989 1423 τῆς
1030 1370 1236 1421 βασιλέως
1284 1365 1592 1418 ἀπολαύσαντες
1639 1369 1732 1410 ἐπι-

295 1434 446 1490 δημίας
484 1436 556 1475 καί
592 1433 808 1489 προνοίας·
875 1431 900 1474 ὃ
944 1432 1074 1487 μείζω
1123 1434 1195 1476 καὶ
1242 1435 1534 1491 λαμπροτέραν
1589 1430 1800 1483 αὖτοῖςαὸ

295 1499 370 1556 τήν
396 1498 547 1556 ἡδονήν
592 1501 724 1541 ἐποίει
784 1501 856 1541 καί
895 1495 1043 1555 ἑορτήν
1083 1495 1185 1554 ἦγον
1212 1498 1470 1555 τῆν’πασῶν
1504 1499 1731 1554 χαριεστά-

295 1582 391 1621 την.
449 1563 528 1606 ἆπὸ
558 1562 641 1620 γάρ
670 1566 753 1607 τῶν
782 1565 1009 1618 Κομνηνοῦ
1036 1566 1114 1606 τοῦ
1141 1564 1350 1620 Μανουὴλ
1385 1568 1591 1619 βασιλέως
1628 1563 1732 1620 χρό-

297 1646 379 1672 νων
413 1623 538 1685 ὄῖχρις
569 1628 834 1684 Ἀνδρονίκου
876 1629 956 1671 ταῖν
984 1628 1286 1684 Παλαιολόγων
1312 1630 1386 1679 τοῦ
1427 1630 1635 1684 δευτέρου
1653 1632 1733 1684 βα-

297 1696 444 1745 σιλέως
480 1696 619 1751 ἔτερος
655 1694 852 1748 βασιλεύς
899 1690 974 1735 οὔκ
1011 1694 1264 1750 ἐπεδήμησεν
1305 1693 1451 1744 αὖτοῐς
1496 1691 1606 1737 οὗδὲ·
1630 1711 1733 1752 προ-

299 1818 478 1855 sinebant,
526 1815 571 1850 At
604 1816 713 1850 urbes
742 1816 786 1849 ab
811 1814 958 1849 Albanis
983 1815 1133 1861 indigna
1155 1821 1344 1862 perpessae
1372 1822 1618 1860 accurrentes,
1641 1829 1732 1852 una-

301 1875 466 1910 quaeque
488 1868 662 1908 quantum
685 1862 842 1903 libebat,
866 1864 1012 1896 nemine
1029 1863 1195 1897 obstante
1209 1889 1219 1904 ‚
1246 1863 1447 1898 auferebat:
1497 1866 1570 1910 Ipsi
1591 1875 1734 1910 posses-

300 1923 420 1952 sores,
447 1922 526 1943 cum
549 1910 594 1943 de
619 1914 738 1943 cetero
763 1910 1024 1942 subiectionem
1051 1909 1353 1954 spopondissent,
1385 1922 1459 1945 non
1484 1922 1609 1956 parum
1630 1923 1734 1944 recu-

301 1962 493 2003 perarunt,
527 1967 591 2000 per
624 1956 728 1989 silvas
763 1960 800 1989 et
837 1956 946 1989 valles
977 1955 1137 2001 dispersa
1158 1957 1403 1998 invenientes,
1443 1963 1480 1992 et
1502 1958 1547 1991 ab
1573 1958 1733 1992 exercitu

303 2015 448 2049 quoque
468 2003 580 2036 multa
607 2003 773 2042 mercati,
808 2013 873 2047 pro
917 2003 1122 2048 quingentis
1160 2002 1286 2036 ovibus
1316 2015 1450 2046 unum,
1484 2015 1548 2049 pro
1579 2003 1734 2037 totidem

303 2061 386 2082 vero
411 2049 528 2082 bobus
555 2054 697 2082 centum
721 2059 846 2082 aureos
870 2053 1159 2086 numeraverunt.
1206 2049 1450 2084 consueverat
1471 2055 1576 2084 antea
1596 2050 1735 2083 exerci-

306 2100 362 2128 tus
387 2095 508 2140 aliqua
533 2095 666 2140 praeda
701 2100 823 2139 capta,
859 2100 1144 2141 quantacumque
1172 2095 1288 2137 foret,
1322 2097 1484 2142 quintam
1507 2102 1644 2142 partem
1666 2096 1736 2128 im—

304 2143 465 2185 peratori
499 2142 538 2174 in
566 2141 792 2175 fortitudinis
816 2141 1015 2184 praemium
1067 2153 1130 2174 seu
1174 2141 1404 2176 honorarium
1438 2146 1586 2184 offerre,
1612 2154 1652 2176 ac
1675 2154 1734 2176 se-

306 2187 462 2221 cundum
488 2188 590 2221 illum
604 2198 717 2233 aeque
741 2192 881 2220 tantum
906 2198 1033 2233 magno
1060 2187 1268 2230 domestico,
1291 2189 1392 2224 velut
1414 2189 1497 2223 duci
1516 2200 1654 2222 summo
1674 2195 1734 2223 to-

306 2234 380 2267 tius
422 2234 607 2267 exercitus.
673 2234 772 2266 Hanc
805 2233 1105 2267 consuetudinem
1137 2240 1224 2269 tunc
1257 2236 1402 2280 penitus
1442 2236 1585 2269 omisit:
1614 2246 1735 2281 neque

308 2280 397 2321 fuit,
434 2281 496 2325 qui
533 2280 589 2313 de·
616 2279 742 2325 quinta
778 2285 878 2323 parte
903 2292 976 2314 non
1001 2280 1141 2314 reddita
1166 2286 1459 2327 conquereretur:
1495 2281 1558 2316 sed
1586 2283 1689 2326 quasi
1714 2292 1736 2315 e

307 2326 527 2372 perennibus
550 2326 667 2359 fluviis
694 2325 803 2359 cuivis
829 2332 1003 2371 quantum
1027 2327 1098 2360 sibi
1120 2339 1184 2372 pro
1208 2328 1350 2372 peculio
1374 2328 1495 2369 vellet,
1522 2327 1652 2362 tollere
1674 2329 1735 2361 in-

308 2380 448 2417 tegrum
473 2377 558 2405 erat.
585 2372 655 2405 Has
669 2371 799 2405 Albani
823 2372 1106 2407 occidentalibus
1132 2374 1281 2407 iniurias
1304 2375 1516 2418 irrogarunt,
1542 2379 1580 2408 et
1602 2374 1735 2408 hancce

308 2425 433 2466 postea
455 2418 654 2451 mercedem
678 2429 739 2462 pro
764 2419 857 2451 male
882 2419 985 2452 factis
1010 2421 1219 2454 retulerunt.
1268 2419 1380 2453 Urbes
1403 2431 1487 2454 vero
1509 2421 1610 2465 prius
1637 2420 1736 2453 ‹lire-

309 2472 393 2512 ptae
422 2465 602 2509 duplicem
628 2465 782 2497 fructum
806 2472 1059 2510 perceperunt:
1086 2472 1122 2500 et
1145 2466 1279 2511 rapinis
1301 2466 1520 2500 Albanorum
1543 2466 1737 2500 liberatae:

312 2518 349 2546 et
385 2512 483 2558 quod
512 2512 585 2544 illis
615 2510 818 2544 uberiorem
852 2511 1156 2558 liquidioremque
1201 2513 1420 2557 voluptatem
1452 2513 1642 2554 afferebat,
1666 2514 1738 2546 im-
1780 2543 1783 2546 ⁴

310 2559 484 2604 peratoris
524 2558 681 2593 adventu
727 2559 1056 2603 procurationeque
1088 2559 1295 2610 perfruitae.
1344 2559 1522 2605 Quocirca
1546 2563 1584 2592 et
1606 2559 1739 2594 festum

313 2605 409 2639 diem
437 2605 595 2638 omnium
620 2603 659 2636 in
688 2603 764 2637 vita
791 2602 1087 2638 iucundissimum
1113 2605 1274 2650 agebant.
1334 2605 1424 2638 Nam
1459 2617 1480 2638 a
1515 2605 1737 2650 temporibus

312 2651 489 2686 Manuelis
514 2649 686 2686 Comneni
709 2650 932 2696 imperatoris
957 2662 1071 2698 usque
1094 2651 1140 2686 ad
1161 2650 1258 2686 hunc
1280 2650 1529 2687 Andronicum
1551 2651 1739 2687 palaeolo-
