1820 3164
294 53 400 112 520
813 66 1179 123 CANTACUZENI

97 171 420 228 A-C.1339na'ysa.
472 167 648 213 ἀδικεῖτε
677 170 722 212 δὲ
749 167 801 212 τὰ
831 167 1003 222 ἔσχατα,
1031 166 1127 210 ἀντὶ
1150 167 1222 223 τῆς
1241 165 1458 220 Ῥωμαίων
1483 165 1709 229 βασιλεως,

102 234 104 236 ’
287 236 314 292 ἣ
341 234 489 291 σχεδὸν
517 235 655 283 αὐτοῖς
682 236 728 276 ἐκ
754 235 836 276 τῶν
862 233 1079 288 Καίσαρος
1104 230 1263 287 χρόνων
1289 230 1462 288 πάτριός
1488 232 1591 291 ἐστι,
1632 227 1709 286 τὴν

149 300 275 337 V·253
295 301 555 357 Ταραντίνων
596 299 736 347 αὐτοῖς
775 295 1008 353 ἀνθρώπων
1042 296 1266 352 βαρβάρων
1303 294 1516 352 ἐπάγοντες
1556 292 1709 352 ἀρχήν.

290 363 526 420 Νικηφόρος
554 361 655 419 γὰρ,
699 363 803 419 ὑπὲρ
836 357 884 404 οὗ
912 361 1096 415 μάλιστα
1125 360 1245 403 αὐτοὶ
1271 359 1406 404 οἴεσθε
1431 359 1502 404 τὸν
1527 359 1708 413 πόλεμον

159 433 195 468 Ρ.
208 431 276 470 316
287 428 510 486 αἱρεῖσθαι,
539 423 635 469 οὔθ’
660 425 758 481 ὑμῖν
786 422 882 469 οὔθ’
912 424 1048 483 ἑαυτῷ
1076 422 1161 475 οἷός
1187 428 1231 468 τέ
1256 427 1368 469 ἔστιν
1393 427 1578 482 ἐξαρκεῖν
1604 422 1735 481 πρόςό

283 495 357 550 τὴν
385 495 650 548 ἐλευθερίαν·
705 492 810 536 ἄλλοὶ
845 494 1111 551 Ταραντίνοις
1145 490 1421 548 προσφυγών,
1462 492 1515 549 τῇ
1553 492 1711 533 ἐκεῖθεν

285 559 411 602 οἴεται
438 557 613 612 δυνάμει
633 555 911 615 Ἀκαρνανίας
937 559 1110 612 βασιλέα
1139 555 1355 609 ἐξελάσειν.
1395 557 1589 601 τοῦτοδὲ
1617 550 1711 597 οὔτε

286 624 541 680 δυνήσεσθαι
569 623 734 667 οἴεσθαι
762 622 892 667 αὐτὸν
919 622 1042 677 εἰκὸς,
1071 618 1155 665 οὔτ’
1183 623 1223 664 εἰ
1247 616 1491 678 δυνήσεταις
1509 615 1606 671 ἄνευ
1633 622 1711 664 πό·-

283 706 365 733 νων
389 689 576 744 μεγάλων
602 689 675 732 καί
700 689 911 732 κινδύνων.
964 687 1059 738 τοὺς
1087 684 1164 731 οὖν
1190 687 1369 741 πόλεμον
1393 686 1575 731 τοιοῦτον
1599 680 1707 742 ὑπὲρ

282 753 401 808 ὑμῶν
428 752 528 811 πρὸς
553 756 731 808 βασιλέα
765 754 1114 809 ἄναδεξαμένους,
1157 753 1197 795 εἷ
1230 754 1442 808 κρείττους
1468 751 1766 814 δυνήσονταιιο

281 822 495 875 γενέσθαι,
544 819 618 861 οὐκ
651 817 788 862 οἴεσθε
817 819 929 872 ὑμᾶς
966 821 1040 874 τῆς
1067 819 1215 874 οἷρετῆς
1243 815 1373 860 ἆθλον
1398 815 1471 859 καὶ
1493 818 1578 860 τῶν
1603 814 1712 873 ἀγώ-

281 900 363 930 νων
392 883 562 941 σχήσειν
589 886 671 928 τῶν
697 886 859 927 πολλῶν
869 902 884 937 ‚·
938 885 1011 926 οὐκ
1053 879 1139 940 ἄρα
1176 881 1314 935 δόξετε
1354 883 1491 938 ὀρθῶς
1530 888 1713 940 φρονεῖν.

283 949 361 1004 ἐγώ
393 951 452 1002 δὲ,
486 951 525 1004 εἰ
557 950 630 991 καί
665 953 760 992 καθ’
796 947 969 1000 ἑαυτοὺς
1006 947 1124 1004 ὑμεῖς
1162 947 1437 1005 Ἀκαρνανίας
1471 945 1548 1003 τὴν
1576 944 1712 1004 ἀρχὴν

247 1013 515 1071 ΒΝικηφόρῳ
542 1011 753 1069 ἠδύνασθε
780 1021 1031 1071 περιποιεῖν,
1077 1011 1324 1071 ἀδικοῦντας
1365 1008 1416 1056 ἂν
1451 1010 1505 1057 τὰ
1534 1013 1710 1067 μέγιστα

282 1082 462 1134 βασιλέα
493 1076 682 1136 ἀπέφηνα
711 1080 834 1133 ὑμᾶς.
884 1081 1112 1134 Ἀγγέλους
1147 1078 1226 1136 γὰρ
1268 1079 1341 1121 οὒκ
1375 1076 1457 1121 ἀπὸ
1484 1075 1766 1136 βαρβάρωνιό

279 1144 570 1200 Ἀκαρνανίαν
610 1144 971 1200 ἐλευθερώσαντας
1003 1145 1234 1199 κτήσασθαι
1277 1145 1427 1199 συνέβη
1453 1142 1527 1199 τήν
1555 1141 1714 1199 οἷρχὴν,

285 1204 384 1250 α’λλ’
419 1208 685 1265 ὑποχειρίους
722 1204 844 1260 ὄντας
875 1210 1104 1263 “.Ρωμαι’ων
1137 1211 1356 1264 βασιλεῦσι
1390 1208 1464 1251 καὶ
1489 1211 1586 1265 παρ’
1611 1207 1716 1249 ἐκειῖ.

284 1289 368 1317 νων
395 1273 557 1328 ἐτήσιον
595 1270 731 1330 ἀρχὴν
765 1277 836 1330 τῆς
862 1273 1006 1329 χώρας
1032 1276 1430 1331 ἐπιτετραμμένονς,
1466 1274 1715 1330 σφετερίσα-

282 1342 387 1380 σθαι
422 1337 496 1392 τὴν
534 1334 668 1394 ἀρχὴν
704 1338 773 1381 διὰ
812 1337 886 1381 τὸν
931 1341 1204 1394 ἐπενεχθέντα
1244 1340 1335 1382 τότε
1372 1337 1487 1396 παρὰ
1514 1340 1713 1382 Λατίνων

278 1402 509 1456 “Ρωμαίοις
559 1402 761 1456 πόλεμον·
841 1399 898 1446 ὧν
962 1402 1012 1459 δὴ
1068 1406 1144 1446 τοῦ
1185 1403 1409 1460 κρείττονος
1450 1401 1765 1460 συγχωρήσειαο

281 1469 517 1519 ,Βυζαντίου
565 1468 857 1526 κρατησάντων
884 1470 955 1511 καί
995 1470 1161 1527 Θρᾴκης
1199 1466 1360 1525 ἁπάσης
1399 1470 1578 1512 καὶτῶν
1604 1466 1712 1511 κατὰ

281 1534 552 1578 Μακεδονίαν
598 1531 758 1576 πόλεων
807 1536 992 1588 πολλῶν,
1059 1532 1251 1588 βασιλεία
1292 1537 1371 1589 μὲν
1420 1534 1448 1590 ἧ
1485 1533 1712 1589 ζΡωμαίων

377 1654 431 1678 22.
454 1643 607 1688 βασιλέα
630 1623 826 1690 legebatur.

287 1733 481 1779 quissime,
506 1735 569 1779 qui
596 1745 660 1778 pro
684 1736 922 1770 Romanorum
946 1735 1117 1782 imperio,
1144 1735 1242 1782 quod
1267 1747 1288 1769 a
1312 1734 1398 1769 Iulii
1421 1734 1581 1770 Caesaris
1602 1733 1713 1770 ferme

286 1779 508 1824 temporibus
534 1781 619 1823 ipsis
644 1783 796 1826 patrium
822 1787 894 1822 est,
920 1783 1220 1824 Tarentinorum,
1251 1781 1437 1816 hominum
1458 1781 1714 1824 barbarorum,

287 1826 568 1859 dominationem
592 1827 829 1861 introducitis.
870 1828 1093 1873 Nicephorus
1113 1829 1219 1870 enim,
1246 1830 1346 1862 euius
1365 1828 1590 1873 potissimum
1611 1839 1713 1862 causa

282 1872 352 1907 hoc
375 1872 508 1905 bellum
522 1884 582 1906 vos
607 1874 763 1907 militare
787 1874 1019 1919 profitemini,
1046 1873 1090 1907 ad
1114 1875 1318 1909 libertatem
1340 1885 1459 1921 neque
1481 1873 1582 1909 vobis
1593 1884 1712 1920 neque

283 1918 430 1953 sibimet
450 1919 661 1963 pariundam
681 1922 766 1953 satis
787 1920 897 1953 habet
918 1921 1065 1954 virium:
1091 1931 1215 1954 verum
1236 1921 1281 1954 ad
1297 1921 1511 1956 Tarentinos
1535 1931 1614 1954 eum
1627 1931 1714 1966 per-

283 1965 427 2009 fugerit,
439 1965 523 1998 inde
538 1965 681 1999 adiutus
698 1977 741 1999 ex
754 1965 950 1999 Acarnania
963 1968 1213 2011 imperatorem
1234 1979 1271 2001 se
1287 1967 1516 2011 expulsurum
1536 1967 1711 2011 opinatur.

283 2010 361 2044 Hoc
384 2016 500 2044 autem
525 2022 561 2044 se
582 2023 699 2056 posse,
727 2023 795 2047 nec
820 2014 900 2046 illos
927 2013 977 2046 fas
1003 2020 1056 2047 est
1087 2014 1246 2058 opinari:
1270 2025 1337 2047 nec
1360 2014 1390 2046 si
1416 2017 1610 2058 poterunt,
1632 2012 1711 2045 sine

283 2058 418 2102 magnis
436 2057 618 2090 laboribus
633 2059 875 2104 periculisque
887 2065 1066 2104 poterunt.
1095 2060 1168 2104 Qui
1180 2060 1289 2104 igitur
1302 2060 1373 2093 tale
1386 2059 1522 2093 bellum
1534 2069 1597 2104 pro
1608 2057 1712 2092 vobis

284 2104 450 2137 adversus
469 2104 717 2148 imperatorem
735 2105 926 2150 gerendum
953 2107 1160 2150 suscipient,
1182 2107 1212 2139 si
1233 2106 1433 2151 superiores
1458 2105 1605 2139 evadere
1630 2104 1711 2150 qui-

283 2150 539 2190 verint,nonne
555 2152 776 2195 provinciam
790 2157 939 2185 vestram
953 2158 1130 2198 tamquam
1148 2153 1288 2186 virtutis
1304 2152 1533 2186 certaminum
1560 2161 1605 2184 ue
1617 2150 1712 2184 mul-

283 2201 401 2230 torum
420 2197 615 2239 praemium
640 2196 824 2231 habituros
850 2198 1098 2232 arbitramini?
1122 2198 1203 2232 Non
1219 2205 1314 2232 recte
1331 2199 1466 2242 sapitis,
1490 2199 1520 2231 si
1572 2207 1614 2230 oc
1634 2208 1710 2230 non

287 2241 442 2276 creditis.
479 2243 551 2286 Ego
572 2254 666 2283 vero,
691 2244 829 2276 etiamsi
849 2256 913 2288 per
938 2255 997 2278 vos
1013 2244 1214 2289 Nicephoro
1235 2244 1451 2279 Acarnaniae
1469 2243 1710 2289 principatum

281 2288 465 2333 acquirere
484 2290 656 2332 possetis,
677 2289 715 2321 in
740 2291 986 2333 imperatorem
1011 2292 1304 2325 iniuriosissimos
1330 2301 1405 2323 esse
1427 2290 1708 2335 pronuntiarem,

280 2334 406 2379 Angeli
428 2335 536 2374 enim,
560 2346 633 2367 non
659 2346 678 2367 a
701 2335 862 2369 barbaris
878 2337 1075 2370 Acarnania
1098 2343 1239 2378 asserta,
1264 2336 1503 2382 principatum
1527 2335 1710 2369 consecuti

274 2386 382 2415 sunt:
407 2380 469 2413 sed
494 2381 564 2413 iam
587 2385 661 2413 tum
686 2382 879 2415 subiectam
905 2385 1141 2417 Romanorum
1165 2381 1459 2429 imperatoribus,
1483 2392 1563 2416 cum
1586 2380 1630 2415 ab
1656 2381 1708 2413 eis

280 2437 432 2459 annuam
457 2427 534 2459 eius
560 2429 848 2470 procurationem
878 2429 1076 2470 haberent,
1100 2436 1246 2474 propter
1267 2429 1425 2470 bellum,
1454 2427 1553 2476 quod
1586 2426 1708 2460 Latini

279 2473 444 2508 Romanis
486 2473 708 2512 intulerunt,
748 2486 824 2509 cam
864 2475 934 2508 sibi
966 2481 1006 2508 ut
1038 2477 1217 2520 propriam
1249 2474 1492 2508 vendicarunt.
1541 2473 1708 2518 Quibus,

279 2517 417 2552 Latinis
446 2519 611 2564 inquam,
638 2520 805 2553 concessu
830 2522 986 2554 numinis
1009 2522 1201 2565 Byzantio,
1237 2521 1401 2554 universa
1429 2520 1579 2554 Thracia
1614 2517 1708 2552 mul-

278 2565 399 2611 tisque
436 2564 586 2598 urbibus
623 2564 854 2600 Macedoniae
889 2569 1039 2610 potitis,
1073 2569 1307 2601 Romanorum
1340 2565 1484 2612 quidem
1517 2567 1706 2611 imperium

279 2609 317 2645 iu
343 2612 520 2647 orientem
545 2622 622 2646 sese
648 2615 835 2648 contraxit.
884 2614 1118 2649 Acarnaniam
1147 2618 1266 2647 autem
1289 2613 1415 2659 Angeli
1451 2613 1586 2659 aliique
1621 2613 1707 2646 alias
