1852 3146
330 112 437 147 210
872 100 1242 155 CANTACUzmi
1284 125 1305 143 κ,

129 205 506 261 ΔαιδαδΜιχαὴλ
527 205 574 246 δὲ
604 201 629 244 ὅ
656 201 905 258 Λάσκαρις,
946 201 1210 256 Μελενίκου,
1253 200 1415 243 πόλεων
1445 201 1775 254 Μακεδονικῶν·-

320 272 363 314 oi*
385 269 435 325 δὴ
451 265 645 324 γυναικὸς
667 264 845 322 ἀδελφοὶ
887 260 998 315 ὄντες
1017 268 1088 308 τοῦ
1107 263 1502 322 πανυπερσεβάστου
1517 299 1530 319 ,
1560 265 1767 323 ,γράμμα-

320 353 373 378 τα
395 337 605 387 πέμπουσι
629 329 733 388 πρός
763 346 808 373 τε
839 333 994 374 ἐκεῖνον
1014 330 1088 373 καί
1108 330 1184 386 τὴν
1208 329 1409 386 ἀδελφὴν,
1438 332 1769 387 προφανῶςμὲν

320 401 459 442 αὐτῶν
471 387 728 440 ἀποστασίαν
743 396 793 438 οὕ
814 397 1128 451 κατηγοροῦντα,
1151 393 1365 452 πρόφασιν
1382 395 1528 448 μέντοι
1553 395 1630 444 οὔκ
1646 395 1768 450 ἆγεν-

321 466 371 519 νῆ
409 480 500 506 τινα
535 478 799 519 παρεχομενα
828 459 1038 515 ὑποψίας.
1080 459 1226 510 λέξεών
1258 475 1303 502 τε
1331 458 1412 516 γὰρ
1449 457 1653 517 εὖπορονν
1680 459 1790 514 α’μ-5

326 528 537 585 φιβόλων,
577 529 650 569 καί
685 527 831 583 φιλίας
863 526 1167 581 ἀνεμίμνησκον
1193 525 1379 580 ἀρχαίας
1407 524 1480 567 καὶ
1520 527 1767 581 συνδιατρι-

280 604 312 636 D
321 596 420 649 βῆς,
462 594 535 635 καί
558 595 634 634 τοῦ
666 594 752 633 δεῖν
779 592 969 646 ἀλλήλοις
1001 591 1155 633 εὐνοεῖν
1182 585 1320 632 ἄλλων
1346 603 1391 631 τε
1415 591 1534 632 ἕνεκα
1563 587 1766 644 πλειόνων

323 661 395 700 καί
419 657 604 712 μάλιστα
625 658 709 699 τῶν
729 658 775 698 ἐκ
794 658 867 711 τῆς
889 657 1127 710 συγγενείας
1151 654 1380 709 ἐνεχύρων.
1416 654 1515 704 τούς
1541 653 1596 697 τὰ
1622 657 1768 697 τοιαῦ-

195 733 311 770 Ρ.130
323 741 376 766 τα
401 722 542 765 τοίνυν
565 721 793 778 γράμματα
829 721 1075 774 κομίζοντας
1110 721 1370 775 στρατιῶται
1397 709 1675 774 συλλαβόντες.
1692 735 1769 762 κα-

322 787 375 831 τὰ
397 787 474 842 τὴν
522 785 645 839 ὁδὸν,
688 785 730 828 οἲ
756 780 865 841 ἦσαν
891 786 956 826 ἐπ’
990 781 1092 826 αὐτὸ
1123 786 1245 826 τοῦτο
1274 786 1516 838 τεταγμένοι
1540 781 1822 841 φυλάττεινιο

321 850 400 902 τοὶς
431 850 555 900 ὅδούς
590 852 668 893 τοῦ
708 849 813 907 πρός
859 847 934 892 τὸν
976 847 1370 904 πανυπερσέβαστον
1399 851 1518 892 ἕνεκα
1559 851 1770 904 πολέμου,

323 918 398 960 καί
414 916 465 960 τοὶ
499 916 730 973 γράμματα
761 912 1041 971 ἀφελόμενοι,
1080 912 1186 970 πρὸς
1210 915 1289 967 μὲν
1315 914 1548 965 Βυζάντιον
1569 912 1627 964 ὥς
1645 918 1771 969 βασι-

322 984 396 1026 λέα
423 981 492 1025 τὸν
522 981 805 1038 πρεσβύτερον
835 978 889 1022 τοὶ
914 978 1140 1035 γράμματα
1169 981 1339 1032 κομίσαι
1362 976 1438 1021 οὔκ
1462 978 1646 1034 ἔγνωσαν
1669 981 1770 1033 δεῖν,

321 1047 391 1090 τὸν
413 1047 547 1101 με’γαν
574 1047 795 1100 λογοθέτην
817 1042 870 1087 τοὶ
900 1045 1077 1098 μέγιστα
1106 1044 1222 1100 παρὰ
1250 1047 1420 1098 βασιλεῖ
1441 1043 1676 1098 δυνάμενον
1701 1045 1770 1086 δε-

324 1110 521 1165 δοικότες,
549 1113 609 1160 εἰς
630 1109 937 1164 Λιδυμότειχον
965 1111 1012 1151 δὲ
1038 1106 1169 1164 ἦλθον
1192 1111 1386 1165 φέροντες
1415 1110 1477 1168 τῷἸ
1494 1111 1571 1168 νέῳ
1593 1110 1823 1164 stamen&

323 1178 545 1226 ἐπαινέσας
582 1177 628 1218 δὲ
663 1173 823 1223 αὐτούς
856 1176 930 1229 τῆς
955 1176 1160 1224 συνέσεως
1184 1176 1256 1216 καί
1276 1174 1498 1227 εὐβουλίας
1508 1208 1521 1228 ,
1566 1171 1773 1217 οἷπέλνσεν

327 1237 380 1284 εὖ
410 1240 586 1296 ποιήσας
620 1236 892 1294 ὅβασιλεὺς.
946 1238 998 1280 τὰ
1029 1240 1170 1293 μέντοι
1193 1238 1424 1295 γράμματα
1453 1242 1513 1288 εἰς
1535 1236 1771 1290 Βυζάντιον

326 1309 383 1364 τῷ
404 1307 570 1364 μεγάλῳ
596 1306 765 1360 πέμψας
796 1306 1018 1361 λογοθέτῃ,
1067 1305 1243 1360 παρῄνει
1269 1319 1312 1345 τε
1348 1303 1423 1346 καί
1453 1301 1771 1357 συνεβουλεύπο

292 1371 437 1414 Bazira}
473 1373 648 1428 φιλικαῖς
663 1405 677 1425 ,
719 1371 777 1419 ὥς
801 1369 851 1413 τὰ
885 1370 963 1423 μὲν
989 1369 1216 1425 γράμματα
1237 1371 1364 1411 ταυτί
1388 1370 1443 1426 τῷ
1465 1369 1643 1425 κηδεστῇ
1665 1370 1772 1422 πέμ-

327 1448 457 1490 ψειαν
490 1436 531 1478 οἱ
552 1435 639 1478 υἱοί
656 1438 834 1490 γέμοντα
854 1437 1008 1489 πολλῆς
1041 1433 1254 1487 ὑποψίας,
1299 1433 1424 1476 αὐτὸν
1460 1435 1507 1476 δὲ
1537 1434 1703 1476 ἐκείνων
1725 1449 1826 1476 τεαο

329 1496 429 1543 ὄντα
452 1500 614 1556 πατέρα
633 1500 704 1542 καί
723 1502 771 1557 τῇ
796 1499 1017 1552 Ῥωμαίων
1042 1498 1238 1557 ἡγεμονίᾳ
1257 1497 1332 1553 την
1361 1497 1543 1554 δυνατὴν
1562 1499 1771 1555 ὠφέλειαν

330 1562 552 1621 ὀφείλοντα
572 1566 794 1620 εἰσφέρειν,
825 1561 894 1607 οἷοι
915 1565 995 1606 τῶν
1017 1566 1109 1604 κατ’
1130 1562 1262 1618 αὐτὴν
1282 1563 1538 1619 πραγμάτων
1557 1564 1615 1605 δι’
1636 1561 1771 1604 αὐτοῦ

330 1631 652 1682 διοικουμένων,
699 1627 839 1684 χρεών
867 1629 1047 1677 ἐκείνους
1077 1643 1122 1669 τε
1157 1628 1338 1683 ἀπαθεῖς
1366 1629 1501 1670 κακῶν
1532 1633 1672 1684 τηρεῖν
1699 1627 1774 1670 καὶ

329 1692 402 1749 τὴν
422 1696 765 1750 προσδοκωμένην
796 1694 869 1735 ἀπ’
893 1692 1033 1734 αὐτῶν
1059 1695 1405 1749 προαναστέλλειν
1428 1692 1616 1749 βλάβην.
1646 1693 1771 1736 τοῦτο

331 1800 530 1835 occidentis
557 1799 692 1846 oppida
714 1811 789 1834 non
813 1799 1045 1833 mediocriter
1069 1799 1279 1843 perturbata
1302 1803 1397 1837 sunt.
1454 1799 1529 1834 Sub
1555 1798 1652 1834 idem
1677 1803 1771 1832 tem-

330 1859 398 1892 pus
422 1858 440 1880 e
467 1847 548 1879 filiis
579 1847 698 1891 magni
723 1844 928 1891 logothetae
949 1847 1168 1887 Demetrius,
1195 1851 1430 1891 cognomento
1440 1845 1613 1891 Angelus,
1629 1844 1772 1879 Strum—

330 1893 474 1934 bitzae,
499 1893 658 1926 Michael
682 1903 766 1926 vero
793 1893 949 1925 Lascaris
974 1892 1154 1925 Melenico
1174 1891 1407 1926 Macedoniae
1432 1891 1638 1926 civitatibus
1666 1903 1773 1936 prae-

330 1939 508 1972 sidebant.
557 1940 604 1973 Hi
626 1939 753 1973 fratres
771 1939 892 1973 uxoris
913 1937 1238 1983 panhypersebasti
1272 1939 1412 1972 litteras
1433 1937 1478 1971 ad
1495 1940 1773 1972 eum'sororem-

329 1997 402 2030 que
427 1986 579 2018 mittunt
595 2010 604 2026 ,
630 1985 763 2030 quibus
790 1985 936 2017 illorum
962 1984 1118 2018 defectio
1137 1995 1211 2017 non
1236 1983 1383 2029 quidem
1399 1990 1523 2029 aperte
1543 1983 1771 2029 arguebatur,

331 2031 468 2064 occasio
494 2036 613 2064 tamen
638 2031 845 2076 suspicandi
872 2042 946 2063 non
970 2031 1058 2063 levis
1079 2029 1331 2075 praebebatur.
1379 2031 1491 2064 Erant
1513 2029 1692 2075 siquidem
1711 2041 1771 2063 re-

330 2078 446 2110 fertae
467 2076 586 2110 verbis
613 2077 812 2122 ambiguis,
837 2077 1042 2122 veterisque
1067 2077 1250 2109 amicitiae
1278 2082 1315 2110 et
1338 2075 1608 2110 consuetudinis
1632 2087 1771 2110 memo-

330 2123 419 2156 riam
444 2123 680 2165 refricabant3
707 2134 747 2156 ac
773 2122 818 2155 ‹le
841 2128 965 2155 mutua
992 2122 1245 2155 benevolentia
1270 2122 1484 2167 praestanda
1518 2122 1772 2163 admonebant,

330 2180 413 2201 eum
442 2169 524 2201 aliis
551 2169 716 2211 pluribus
741 2169 786 2202 de
812 2169 948 2209 causis,
979 2173 1055 2201 tum
1091 2169 1138 2201 ob
1164 2170 1345 2202 vinculum
1370 2168 1553 2202 affinitatis
1587 2168 1772 2202 videlicet.

330 2215 466 2248 Milites
493 2220 641 2258 propter
664 2214 802 2247 bellum
826 2225 906 2247 cum
933 2213 1261 2258 panbypersebasto
1284 2216 1352 2248 viis
1384 2214 1629 2248 custodiendis
1691 2226 1772 2248 rae-

329 2260 458 2305 positi‚
488 2260 699 2293 tabellarios
726 2261 984 2304 intercipiunt,
1012 2261 1150 2294 litteras
1179 2262 1372 2302 auferunt,
1395 2272 1462 2294 nec
1485 2265 1606 2294 tamen
1631 2226 1687 2293 ad,
1701 2261 1773 2293 im-

328 2312 532 2351 peratorem
564 2317 687 2338 senem
721 2307 880 2350 perferre
919 2307 1073 2346 audent,
1111 2306 1209 2351 quod
1244 2318 1264 2338 a
1297 2317 1423 2352 magno
1460 2306 1670 2352 logotheta,
1707 2306 1772 2351 qui

330 2351 427 2396 apud
452 2363 534 2384 eum
558 2352 754 2395 plurimum
780 2352 924 2385 valebat
940 2378 949 2393 ‚
971 2357 1185 2386 metuerent.
1236 2353 1326 2396 Ergo
1361 2352 1608 2396 Didymotichi
1631 2353 1768 2385 iuniori

331 2409 388 2432 eas
413 2397 591 2431 reddunt:
640 2409 728 2442 quos
757 2396 841 2438 ille,
867 2403 907 2430 ut
929 2398 1069 2438 debuit,
1096 2404 1276 2442 tamquam
1304 2399 1499 2442 prudentes
1527 2404 1564 2432 et
1589 2399 1772 2431 consultos

330 2443 494 2477 laudavit
523 2455 563 2476 ac
586 2443 732 2476 dimisit.
781 2444 980 2486 Epistulam
999 2456 1083 2477 vero
1110 2445 1319 2487 Byzantium
1347 2445 1392 2478 ad
1415 2455 1581 2489 magnum
1607 2443 1772 2488 logothe—

330 2495 404 2523 tam
427 2490 696 2529 transmittens,
723 2489 836 2522 amice
859 2491 1001 2523 monuit
1025 2501 1065 2523 ac
1090 2490 1220 2529 suasit,
1249 2495 1289 2522 ut
1339 2492 1486 2524 uoniam
1511 2490 1579 2523 filii
1602 2491 1679 2523 eius
1706 2489 1772 2523 has

331 2535 471 2569 litteras
492 2535 810 2579 suspiciosissimas
827 2533 873 2566 ad
898 2535 1035 2568 affinem
1056 2535 1249 2579 portandas
1270 2535 1314 2568 de
1344 2537 1466 2576 issent,
1491 2536 1570 2580 ipse
1590 2542 1773 2581 tamquam

333 2593 458 2615 eorum
474 2592 615 2625 parens,
640 2581 832 2626 omniaque
858 2592 995 2615 summa
1017 2582 1131 2614 ossicia
1155 2581 1208 2614 rei
1232 2581 1400 2625 publicae
1424 2583 1605 2615 Romanae
1623 2581 1772 2623 debens,

331 2628 491 2674 (quando
515 2638 579 2671 per
602 2638 684 2660 eum
710 2627 787 2659 eius
815 2637 870 2659 res
896 2626 1260 2672 administrarentur,)
1285 2632 1322 2660 et
1347 2628 1422 2661 illis
1445 2639 1464 2661 a
1488 2628 1582 2661 malo
1620 2633 1771 2670 caveret,

334 2679 372 2708 ct
403 2673 607 2708 imminenti
639 2671 726 2706 huie
761 2671 977 2707 detrimento
1001 2679 1139 2707 mature
1163 2672 1305 2707 obviam
1335 2675 1418 2710 iret.
1465 2674 1508 2708 Id
1532 2673 1621 2708 effici
1644 2684 1769 2719 posse,
