1832 3132
332 124 438 178 322
866 132 1236 178 CANTAcUzmu

141 248 323 284 A.C.1328
334 240 574 294 ἐπαγγελίαν
601 235 839 292 ἐκπληροῦν.
866 233 917 281 τὸ,
939 233 1019 292 γὰρ
1049 235 1255 289 δικαίωμα
1278 236 1416 279 αὐτῶν
1443 233 1756 293 ἅφΐγμαιέχων

333 304 450 359 gyezi?
495 305 568 344 καί
609 298 792 350 ἀναστάς
840 297 992 353 εὖθῦς,
1033 300 1126 342 ἐπεὶ
1167 298 1200 354 ὅ,
1219 316 1262 344 τε
1302 300 1562 359 πατριάρχης
1598 303 1672 345 καί
1715 301 1757 344 οἳ

330 369 467 412 λοιποὶ
504 369 814 421 συνανέστησαν
846 365 1016 418 πάντες,
1065 364 1164 415 τους
1201 367 1526 433 ε’γκαλουμέηους
1563 370 1756 424 παραλα-

329 431 414 487 βών
444 428 685 488 ἆρχιερέας,
711 427 799 484 ἅμα
828 432 873 472 δὲ
901 431 972 472 καί
991 434 1076 479 τοῖς
1103 425 1242 480 ἄλλοις
1265 429 1678 487 παρακελευσάμενος
1699 430 1754 474 τοὶ

292 496 403 540 Βῖσα
430 499 531 555 δρᾷν
559 499 630 538 καί
655 496 726 551 τῆς
755 495 932 551 δεήσεως
957 497 1302 552 συνεφάπτεσθαι
1329 493 1492 551 αὐτοῖς,
1527 494 1632 553 πρὸς
1657 494 1780 546 tofis-5

328 562 460 612 πόδας
489 562 596 615 ὁμοῦ
618 561 765 610 πάντες
783 563 856 603 τοῦ
876 560 1135 616 πατριάρχου
1160 562 1484 616 κατακλιθέντες,
1511 562 1765 618 ,,συγχώρη-ν

330 644 402 671 σον
428 628 529 682 ἡμῖν
557 633 644 675 τοῖς
671 616 1103 680 ἐπταικόσιν”’ἐλεγον
1130 626 1309 682 ,,πα’τερ,
1337 620 1466 681 ἄφες,
1493 627 1564 670 ἵνα
1589 626 1664 670 καὶ
1690 628 1762 669 σοι’

331 691 446 749 παρὰ
474 694 552 734 τοῦ
588 690 742 747 πατρὸς
777 694 852 733 τοῦ
891 692 936 733 ἐν
970 690 1163 747 οὐρανοῖς
1198 689 1248 732 τά
1283 687 1541 747 ὀφειλήματα
1574 688 1761 749 ἄφεθῇ.”

331 757 475 811 οἱμὲν
513 750 585 799 οὖν
623 758 797 799 τοιαῦτα
836 754 1014 798 ἐποίουν·
1057 753 1078 796 ὅ
1116 755 1377 811 πατριάρχης
1419 756 1467 797 δὲ
1503 754 1760 813 ,,ἆφῦκτοις”

328 820 410 878 ἔφη
426 824 580 875 ,,λι’νοις
600 819 680 864 ὑπὸ
707 823 797 874 σοῦ,
825 821 930 875 μέγα
956 822 1178 874 δομέστικε,
1206 819 1490 876 περισχεθεὶς,
1517 819 1611 864 ἐπεὶ
1625 821 1810 877 μηδὲνιο

328 886 483 938 ἔξεστιν
503 885 563 928 ἔτι
589 887 692 944 δρᾷν
718 881 746 941 ἢ
774 883 870 942 ὅπερ
902 883 1026 935 αὗτὸς
1055 886 1150 942 ποιῇ
1179 883 1248 927 διὰ
1279 886 1483 941 σπουδῆς,
1519 883 1566 946 τὸ
1594 883 1765 928 ἀντιλέ-4

327 968 414 1006 γειν
431 951 552 1007 ἀφεῖς
565 984 578 1004 ,
608 946 706 1006 ὅπερ
734 952 890 1001 ἐθέλεις
920 946 1047 998 αὖτὸς
1072 951 1270 1006 ποιήσω.”
1298 952 1371 992 καί
1393 949 1546 993 αὕτίκα
1572 949 1756 1006 συγγνώ-

327 1033 411 1071 μην
438 1031 483 1057 τε
511 1017 649 1057 ἐδίδου
678 1018 751 1057 καί
785 1018 858 1071 τῆς
892 1014 1026 1064 αἰτίας
1059 1016 1178 1071 η’φίει
1205 1015 1303 1064 τοὺς
1343 1013 1648 1072 λελυπηκότας,
1684 1015 1759 1058 καὶ

327 1079 441 1136 παρὰ
479 1081 558 1121 τοῦ
593 1082 696 1121 θεοῦ
725 1079 988 1135 συγχώρησιν
1034 1076 1177 1129 αὐτοῖς
1210 1082 1290 1123 τῶν
1326 1077 1626 1137 ἡμαρτημένων
1661 1080 1757 1138 ἐξῃ-

291 1150 458 1199 Οτεῖτο,
483 1143 557 1186 καὶ
579 1146 636 1202 τῷ
662 1144 825 1203 μεγάλῳ
855 1147 1081 1203 δομεστίκῳ
1107 1144 1238 1187 πολλὰ
1265 1145 1468 1202 ἒπηύχετο
1495 1141 1637 1201 ἀγαθοὶ
1671 1146 1809 1195 τῶνιό

328 1208 459 1264 λόγων
486 1211 625 1263 ἕνεκα,
664 1205 724 1252 ὧν
759 1212 950 1266 διεξῆλθε
987 1208 1091 1266 πρὸς
1128 1207 1293 1260 αὖτούς.
1339 1208 1544 1266 ἦσπάζετό
1573 1226 1620 1254 τε
1661 1209 1757 1260 τούς

327 1273 599 1331 λελυπηκότας
627 1272 849 1331 ἀρχιερέας
887 1277 984 1317 καθ’
1013 1278 1086 1317 ἕνα
1114 1274 1187 1317 καί
1211 1273 1401 1330 εὔλογίας
1425 1272 1568 1331 ἧξίου,
1608 1277 1758 1331 δεῖγμα

327 1343 518 1397 καθαρᾶς
547 1342 781 1402 διαλλαγῆς.
808 1339 914 1393 μετὰ
955 1342 1002 1382 δὲ
1037 1342 1158 1382 τοῦτο
1195 1338 1454 1397 πατριάρχης
1487 1343 1567 1398 μὲν
1594 1343 1758 1383 διέλυσε

328 1403 404 1447 τὸν
431 1404 638 1460 σύλλογον,
666 1407 830 1461 βραχέα
856 1404 950 1448 τινα
979 1404 1229 1459 διαλεχθείς·
1257 1406 1296 1448 οἱ
1320 1408 1578 1457 αἰτιαθέντες
1605 1407 1652 1449 δὲ
1677 1406 1760 1463 οἷρέ

328 1475 481 1524 χιερεῖς
516 1471 574 1519 εἷς
619 1472 795 1523 βασιλέα
835 1470 1054 1523 ἐλθόντες,
1102 1469 1257 1519 πολλὰς
1299 1468 1540 1525 ὡμολόγουν
1579 1470 1812 1527 χάριταςῃο

329 1534 443 1590 αὐτῷ
469 1535 543 1589 τῆς
566 1534 670 1589 ὑπὲρ
702 1535 842 1577 αὐτῶν
868 1534 1102 1588 ἐπιμελείας
1129 1533 1203 1576 καὶ
1224 1536 1406 1590 σπουδῆς
1431 1534 1504 1590 καὶἰ
1526 1534 1757 1592 ἒπηύχοντο
1796 1577 1799 1581 ,

328 1597 460 1640 πολλὰ
491 1599 646 1653 ἀγαθά.
672 1602 844 1652 βασιλεῖ’
864 1601 911 1641 δὲ
931 1599 1018 1656 ἰδία
1038 1605 1124 1648 τοῖς
1150 1615 1195 1641 τε
1223 1602 1267 1642 ἐν
1291 1597 1397 1643 τέλει
1424 1599 1496 1641 καὶ
1519 1606 1606 1649 τοῖς
1633 1614 1761 1656 στρα-

327 1662 494 1711 τιώταις
531 1662 602 1704 καί
626 1669 712 1711 τοῖς
741 1658 882 1711 ἄλλοις
907 1664 1152 1718 ἐπιτηδείοις
1188 1662 1341 1713 πολλὰς
1379 1665 1648 1722 παρεχομένῳ
1686 1663 1760 1715 τὰς

329 1727 565 1781 εὐεργεσίας
574 1760 586 1779 ,
637 1727 711 1768 οὐκ
737 1725 872 1769 ἐδόκει
911 1729 997 1769 δεῖν
1032 1727 1090 1782 μὴ
1131 1728 1204 1769 καί
1239 1729 1418 1786 δημοσίᾳ
1453 1730 1509 1786 τῷ
1547 1728 1663 1787 δήμῳ
1690 1731 1763 1772 καί

293 1790 444 1848 Βπάσῃ
472 1793 524 1848 τῇ
550 1789 664 1833 πόλει
702 1791 830 1848 χάριν
866 1792 1129 1835 καταθέσθαι
1155 1792 1275 1847 τινα,
1312 1792 1386 1836 καί
1408 1793 1482 1843 τάς
1508 1809 1553 1836 τε
1579 1796 1813 1849 macera-25

328 1937 395 1971 pus
416 1925 528 1968 adest,
549 1931 590 1959 ut
605 1925 701 1971 quod
720 1925 928 1970 promisisti,
952 1924 991 1960 id
1011 1936 1048 1960 re
1068 1926 1146 1972 ipsa
1165 1932 1346 1972 praestes:
1367 1938 1451 1961 nam
1470 1926 1650 1973 praesidia
1673 1939 1759 1965 cau-

330 1983 388 2005 sae
406 1973 564 2017 ipsorum
584 1984 647 2017 ego
663 1984 802 2006 mecum
823 1976 940 2006 affero.
977 1972 1065 2005 Cum
1084 1973 1180 2007 dicto
1201 1985 1358 2019 surgens,
1371 1973 1619 2020 (surrexerunt
1640 1981 1760 2007 autem

332 2023 369 2050 et
389 2018 589 2062 patriarcha
608 2024 644 2051 et
661 2019 793 2063 reliqui
813 2018 963 2064 omnes‚)
990 2020 1176 2064 episcopos
1200 2026 1379 2054 accusatos
1400 2021 1531 2066 accipit
1547 2027 1583 2054 et
1599 2021 1688 2054 alios
1708 2021 1761 2054 il-

278 2076 280 2078 *
331 2063 384 2098 los
410 2075 553 2109 quoque
583 2064 629 2097 ad
649 2074 772 2108 preces
793 2075 913 2098 secum
939 2066 1203 2111 coniungendas
1225 2066 1411 2109 hortatur,
1428 2073 1554 2112 *atque
1576 2067 1628 2100 ita
1652 2067 1761 2100 simul

332 2121 452 2143 omncs
469 2110 514 2143 ad
526 2109 634 2154 pedes
653 2110 872 2154 patriarchae
888 2110 1093 2154 procidunt,
1118 2113 1332 2146 clamantes:
1359 2114 1506 2158 Ignosce
1519 2113 1626 2158 lapsis
1641 2112 1760 2155 nobis,

331 2161 452 2199 pater:
490 2161 530 2188 ut
550 2161 586 2188 et
606 2155 675 2189 tibi
697 2167 716 2188 a
738 2162 839 2200 patre
859 2158 1004 2190 coelesti
1023 2157 1147 2191 debita
1171 2159 1410 2203 ignoscantur.
1459 2159 1556 2192 Haec
1573 2159 1630 2192 illi
1649 2159 1760 2192 facie-

334 2202 434 2234 bant.
482 2201 682 2234 Patriarcha
702 2213 785 2236 vero
799 2227 809 2243 ‚
839 2203 1107 2244 Inextricabili,
1130 2205 1264 2250 inquit,
1288 2205 1359 2238 reti
1380 2204 1442 2238 abs
1466 2211 1502 2238 te
1521 2205 1762 2250 comprehen-

333 2258 391 2280 sus
407 2271 416 2286 ,
438 2258 561 2291 magne
583 2247 777 2280 domestice
790 2273 816 2292 ,ἦ
838 2250 922 2294 quia
943 2249 1043 2282 aliud
1062 2250 1177 2283 facere
1204 2262 1278 2283 non
1299 2251 1405 2291 licet,
1441 2263 1546 2297 quam
1566 2250 1664 2296 quod
1686 2251 1758 2284 tibi

333 2293 453 2326 studio
477 2298 531 2326 est
545 2317 554 2333 ‚
581 2294 744 2326 omittam
765 2305 961 2338 repugnare
986 2295 1128 2341 tibique
1151 2296 1296 2340 parebo.
1344 2297 1430 2330 Mox
1451 2297 1591 2330 veniam
1610 2298 1760 2342 largitur

334 2343 371 2372 et
390 2339 538 2373 crimine
561 2338 726 2380 absolvit,
751 2351 771 2372 a
789 2340 918 2385 quibus
938 2342 1055 2375 fuerat
1076 2343 1242 2383 violatus,
1268 2346 1304 2375 et
1326 2353 1345 2375 a
1366 2343 1444 2376 Deo
1468 2343 1542 2375 illis
1563 2343 1760 2386 impunita-

331 2390 405 2417 tem
420 2386 556 2429 poscit:
592 2395 717 2429 magno
740 2385 933 2420 domestico
953 2399 1016 2432 pro
1039 2384 1286 2421 cohortatione
1305 2388 1417 2421 multa
1437 2388 1531 2421 bona
1553 2399 1760 2432 compreca-

333 2435 409 2472 tur3
436 2431 666 2475 singulosque
687 2432 894 2476 episcopos,
921 2444 941 2466 a
965 2434 1095 2479 quihus
1119 2436 1271 2467 offensus
1294 2439 1383 2472 erat,
1410 2434 1625 2478 complexus,
1649 2436 1759 2468 etiam

333 2476 588 2509 benedictione
606 2479 830 2522 (argumento
847 2479 972 2523 utique
991 2491 1064 2513 non
1085 2479 1228 2512 fucatae
1247 2480 1567 2520 reconciliationis)
1585 2481 1757 2524 impertit.

333 2523 417 2555 Post
433 2522 522 2555 haec
541 2533 653 2565 pauca
671 2524 794 2557 effatus
806 2549 815 2564 ‚
857 2531 997 2557 coetum
1018 2525 1181 2558 dimittit.
1227 2525 1395 2569 Episcopi
1413 2525 1569 2559 absoluti
1602 2526 1772 2571 impera--

334 2573 449 2600 torem
477 2568 632 2610 adeunt3
678 2567 723 2602 de
756 2580 838 2602 cura
870 2575 907 2603 et
942 2571 1131 2616 diligentia
1162 2571 1202 2603 in
1237 2573 1395 2615 ipsorum
1434 2583 1537 2605 causa
1577 2571 1759 2606 declarata

334 2615 460 2658 gratias
501 2615 735 2659 amplissimas
772 2621 897 2659 agunt:
942 2616 1144 2651 divinorum
1188 2616 1222 2649 ei
1263 2627 1451 2650 munerum
1489 2619 1629 2663 copiam
1671 2629 1759 2652 exo-

334 2665 447 2702 ptant.
485 2660 551 2694 Cui
572 2662 763 2704 separatim
778 2662 960 2705 primores,
986 2663 1118 2696 milites
1145 2662 1307 2707 aliosque
1321 2664 1453 2696 amicos
1477 2675 1518 2698 ac
1540 2666 1757 2698 necessarios

335 2707 504 2740 munifice
539 2708 801 2748 remuneranti,
847 2709 962 2742 visum
991 2714 1045 2742 est
1073 2719 1147 2742 non
1175 2709 1491 2753 committendum,
1534 2722 1607 2757 quo
1637 2711 1756 2745 minus
