1832 3138
283 85 303 130 ι
324 65 388 133 ι4
812 72 1184 118 CANrAcuzrm

79 191 255 231 A.C.1321
272 184 332 242 μὴ
352 180 482 239 μικρά
500 196 592 223 τινα
618 180 690 221 καί
711 175 892 227 παιδίοις
911 178 1119 233 πρέποντα
1139 172 1411 234 ἡμαρτηκότι.
1435 171 1528 217 ἐπεὶ
1551 169 1714 218 δὀῧτω

272 246 565 304 συνεχώρησεν
593 244 616 287 ὅ
644 242 744 292 θεὸς
758 245 841 285 τῶν
860 245 973 297 ἐμῶν
997 245 1115 286 ἕνεκα
1134 239 1300 291 πάντως
1323 240 1507 306 ἀπείρων
1526 238 1716 297 ἅμαρτη..

271 315 431 371 μάτων,
452 312 577 354 πάλιν
598 309 715 367 αὐτῷ
732 307 911 366 χάριτας
931 307 1122 362 ὁμολογῶ
1138 305 1304 359 πολλάς,
1334 301 1401 348 ὅτι
1428 304 1488 361 μὴ
1513 303 1716 362 πρότερον

271 381 480 424 κατέλυσα
513 375 589 433 τὴν
626 373 765 431 ζωὴν,
791 373 888 431 πρίν
925 372 1163 429 ἐπιτηδείου
1198 373 1350 428 καιροῦ
1382 376 1532 426 τυχεῖν
1559 366 1713 423 οὕτως,

271 443 378 488 ὥστε
395 444 632 498 δυνηθῆναι
645 442 718 483 καί
736 438 782 483 τὸ
797 435 944 482 ἄδολον
965 440 1038 495 τῆς
1058 438 1226 494 γνώμης
1246 435 1319 479 καί
1337 434 1410 492 τὴν
1428 438 1488 486 εἰς
1509 436 1556 479 σὲ
1576 429 1743 479 affuel-5

235 514 402 557 Βθειαν
438 508 511 551 καὶ
540 505 765 562 δουλότητα
798 500 986 562 φανεράν
1018 506 1292 559 καταστῆσαι.
1346 501 1400 545 σύ
1440 505 1519 557 μὲν
1547 495 1643 556 οὖν,
1681 497 1719 545 ὦ

271 576 450 630 βασιλεῦ
458 609 470 628 ,
499 574 574 628 τῆς
595 573 669 627 σῆς
688 574 767 625 μὲν
789 567 994 624 ἆνεψιᾶς,
1020 571 1135 625 ’ἐμῆς
1157 570 1204 610 δὲ
1225 566 1371 622 θείας,
1410 568 1714 624 διαπρεσβευο-

269 643 423 697 μένης,
463 634 618 698 ᾔτησας
648 634 728 680 ὅσα
763 633 905 686 οἶδας.
947 634 1026 690 ἐγώ
1048 637 1088 676 δ’
1109 637 1155 678 ἐν
1177 632 1335 684 ἱκεσίας
1353 635 1473 690 μέρει
1501 629 1618 694 παρὰ
1643 637 1720 674 τοῦ·

267 707 452 762 μεγάλου
489 706 694 759 βασιλέως
719 703 832 745 αἰτῶι
852 701 926 750 καί
947 702 1076 754 θεοῦ,
1116 702 1163 743 σὲ
1187 702 1266 754 μὲν
1292 698 1364 742 ἐπὶ
1395 701 1564 748 πολλοῖς
1587 695 1721 741 ἔτεσιν

269 775 314 816 ἓν
346 774 474 824 ζῶσιν
491 767 618 823 εἶναι,
656 767 728 811 καὶ
757 766 833 823 τὴν
855 766 1077 821 Ῥωμαίων
1099 764 1239 822 ἀρχὴν
1260 765 1424 808 ἰθύνειν
1432 798 1446 819 ,
1484 765 1560 818 ἐμὲ
1582 765 1630 807 δὲ
1649 760 1773 808 οἶαιο

270 836 421 879 δοῦλον
443 834 519 878 σὸν
539 834 614 876 καί
627 832 734 887 υἱὸν,
763 829 790 891 ᾗ
818 832 998 883 κελεύεις
1017 829 1162 885 αὖτὸς,
1201 829 1246 873 τὸ
1266 829 1627 887 προσταττόμενον
1653 833 1722 874 ἕκ-

267 903 470 958 πληροῦν·
525 902 605 942 τοῦ
627 898 787 957 χρόνου
819 898 870 955 δὴ
902 896 1142 955 προϊόντος,
1181 895 1211 939 ἃ
1237 895 1361 954 φίλον
1387 897 1478 961 ἐστι’
1498 897 1608 956 θεῷ,
1634 912 1724 955 τοι-

274 970 371 1010 αῦτ’
402 968 727 1021 οἷκονομηθῆναι
754 963 853 1021 περὶ
887 965 1012 1019 ἡμᾶς.
1068 965 1109 1006 εἰ
1129 965 1209 1017 μὲν
1242 957 1318 1006 οὖν
1350 963 1554 1020 πρότερος
1593 959 1724 1014 αύτὸς

272 1033 442 1075 ἀποστῶ
463 1032 540 1073 τοῦ
560 1032 644 1088 ζῇν,
673 1032 746 1073 ἐπὶ
767 1029 838 1072 σοί
857 1028 936 1084 τὴν
959 1027 1095 1085 οἷρχην
1113 1031 1280 1070 κεῖσθαι
1305 1029 1460 1082 πᾶσαν,
1490 1025 1641 1072 ὦσθίἵ
1657 1044 1724 1071 σοι

267 1100 385 1141 δοκεῖ
421 1099 656 1154 συμφέρειν
706 1101 861 1138 ποιεῖν·
906 1097 946 1138 εἰ
969 1098 1010 1137 δ’
1035 1090 1118 1152 ἄρα
1148 1095 1202 1137 σύ
1225 1110 1272 1151 γε
1295 1091 1398 1151 πρὸς
1424 1091 1499 1144 τὰς
1527 1095 1776 1145 αἰωνίουςιό

271 1161 572 1220 μετακληθήσῃ
597 1159 748 1216 μονάς,
787 1159 885 1215 ἐμοὶ
901 1159 1024 1202 πάλιν
1045 1161 1119 1215 τὴν
1142 1159 1365 1216 ἡγεμονίαν
1396 1159 1628 1214 εΡωμαίων
1647 1177 1724 1203 κα-

167 1241 204 1277 Ρ.
224 1229 568 1284 73ταλειφθῆναι.
596 1229 734 1271 ταῦτα
759 1229 839 1281 μὲν
868 1221 944 1268 οὖν
973 1222 1070 1268 ὅποι
1088 1227 1144 1283 τῷ
1171 1227 1256 1284 θεῷ
1280 1223 1404 1283 φίλον
1441 1225 1630 1280 ἀγέσθω·
1650 1243 1724 1269 νυ-

276 1297 322 1337 νί
347 1296 394 1336 δὲ
417 1292 598 1348 οἷνάγκης
621 1309 666 1334 τε
694 1291 768 1334 καί
786 1292 936 1340 αἰδοῦς
966 1293 1267 1348 μεριζομένης,
1294 1289 1467 1346 ἴσχυσεν
1492 1291 1519 1347 ἢ
1551 1287 1723 1348 ἀνάγκη,

267 1361 344 1401 καί
372 1375 413 1402 τι
451 1359 536 1401 τῶν
569 1356 629 1414 μὴ
661 1356 954 1415 προσηκόντων
981 1356 1055 1399 καί
1086 1356 1355 1399 ἀπαιδεύτων
1381 1355 1455 1399 καὶ
1487 1357 1622 1412 λέγειν
1648 1357 1723 1400 καί

266 1423 466 1481 πράττειν
499 1424 738 1478 βιαζομένῃ.
795 1421 891 1465 δέον
916 1420 998 1479 γὰρ
1035 1424 1110 1464 καί
1134 1422 1247 1478 ἡμᾶς
1275 1419 1432 1471 αὐτούς
1469 1423 1543 1465 καί
1579 1423 1775 1472 πόλειςαο

265 1491 339 1531 καί
361 1488 563 1546 χρήματα
591 1490 665 1532 καί
684 1489 794 1542 ὁμοῦ
819 1485 957 1530 πάντα
982 1503 1051 1530 σοι
1071 1487 1340 1545 ἐγχειρίζειν,
1371 1489 1486 1531 δυεῖν
1509 1489 1628 1531 ἕνεκα
1653 1490 1723 1532 αι’-

263 1557 367 1597 τιῶν
397 1553 550 1611 ἑτέρως
579 1554 881 1610 ἠναγκάσμεθα
912 1559 1058 1596 ποιεῖν.
1113 1556 1158 1596 ἓν
1179 1555 1280 1607 μὲν,
1310 1550 1374 1595 ὅτι
1395 1554 1471 1610 τὴν
1503 1555 1584 1608 μὲν
1613 1552 1721 1611 ἒμὴν

266 1622 329 1668 εἷς
349 1618 395 1662 τὸ
427 1620 479 1662 τά
503 1634 572 1661 σοι
597 1619 702 1675 φίλα
724 1617 919 1675 πράττειν
947 1620 1192 1674 προαίρεσιν
1220 1619 1294 1660 καὶ
1318 1616 1394 1674 τὴν
1411 1619 1514 1675 περί
1526 1634 1572 1661 σε
1595 1618 1721 1675 τιμήν

160 1690 202 1726 V.
216 1691 262 1739 59
273 1700 318 1725 τε
345 1683 419 1726 καί
445 1685 553 1726 αἰδῶ
579 1683 679 1732 θεός
706 1699 751 1726 τε
780 1681 891 1726 οἶδεν
918 1683 941 1724 ὅ
972 1682 1024 1725 τὰ
1047 1681 1312 1740 κεκρυμμένα
1331 1680 1465 1737 εἰδώς,
1492 1682 1566 1725 καί
1583 1683 1722 1741 αὐτὸς,

269 1790 458 1824 dumtaxat
503 1790 774 1836 pueriliumque
818 1789 1030 1823 delictorum
1057 1787 1149 1822 mihi
1172 1797 1250 1822 esse
1274 1788 1467 1822 conscium.
1517 1789 1613 1835 Quia
1631 1799 1718 1825 vero

267 1843 418 1883 propter
443 1836 724 1870 innumerabilia
754 1841 899 1880 peccata
925 1847 1004 1870 mea
1038 1837 1136 1868 Deus
1172 1835 1242 1868 hoe
1273 1835 1457 1879 permisit,
1504 1848 1660 1870 rursum*
1680 1838 1721 1873 ei

268 1884 377 1917 etiam
398 1889 507 1928 atquc
531 1884 640 1917 etiam
664 1883 791 1927 gratias
809 1893 894 1927 ago,
919 1882 1018 1928 quod
1035 1893 1109 1915 non
1126 1886 1210 1915 ante
1230 1881 1342 1914 vitam
1362 1881 1475 1925 finivi,
1498 1894 1605 1929 quam
1623 1889 1718 1919 tem-

263 1942 333 1975 pus
351 1929 523 1963 idoneum
537 1929 785 1969 nanciscerer,
813 1939 885 1974 quo
916 1933 953 1961 et
975 1927 1166 1961 candorem
1187 1927 1300 1960 animi
1323 1927 1418 1968 mei,
1451 1934 1490 1964 et
1518 1929 1719 1965 obediendi

264 1975 451 2015 studium,
492 1987 532 2009 ac
558 1975 825 2009 subiectionem
851 1985 967 2007 meam
995 1975 1067 2008 tibi
1100 1973 1284 2007 declarare
1310 1983 1464 2017 possem,
1521 1976 1578 2010 Tu
1596 1976 1718 2022 igitur,

264 2023 385 2067 legata
413 2021 459 2054 ad
488 2032 544 2054 mc
577 2022 728 2054 amitina
765 2027 829 2054 tua
875 2020 1075 2066 eademque
1098 2025 1249 2066 cognata
1281 2031 1379 2060 mea,
1422 2021 1586 2067 petivisti
1624 2034 1719 2071 quae

266 2069 377 2105 nosti,
426 2067 540 2114 Atqui
568 2078 632 2113 ego
663 2079 682 2100 a
706 2078 832 2112 magno
854 2067 1069 2111 imperatore
1095 2067 1173 2101 Deo
1197 2067 1410 2111 suppliciter
1437 2068 1640 2112 contendo,
1675 2074 1719 2104 ut

266 2116 307 2148 in
327 2115 452 2159 longos
485 2125 598 2147 annos
634 2115 744 2146 vitam
772 2112 965 2153 extendas,
1003 2113 1197 2157 imperium
1223 2114 1422 2147 Romanum
1445 2114 1641 2160 gubernes,
1678 2121 1718 2150 et

267 2171 332 2205 ego
347 2160 461 2194 instar
484 2161 577 2194 servi
604 2165 642 2192 et
659 2161 726 2193 filii
741 2160 913 2204 imperata
937 2165 999 2192 tua
1020 2171 1215 2204 exsequar:
1238 2158 1458 2205 procedente
1484 2167 1604 2195 autem
1618 2167 1716 2196 tem-

265 2218 375 2253 pore,
407 2218 498 2253 quae
518 2207 574 2239 illi
593 2207 817 2250 placuerint,
853 2204 899 2238 de
925 2205 1030 2239 nobis
1056 2206 1272 2239 constituat:
1309 2211 1364 2247 et,
1399 2207 1429 2240 si
1453 2208 1553 2252 prius
1571 2208 1713 2252 obeam,

266 2259 309 2286 ut
329 2253 368 2286 in
387 2257 424 2286 te
445 2258 561 2286 totum
579 2252 762 2286 recumbat
784 2251 995 2295 imperium3
1025 2264 1117 2297 quo,
1153 2263 1244 2299 quae
1267 2253 1365 2286 factu
1385 2253 1491 2287 utilia
1512 2256 1694 2291 censueris
1708 2281 1719 2298 ,

268 2310 311 2332 ea
331 2305 516 2343 praestes:
555 2299 612 2331 sin
649 2305 688 2332 tu
717 2298 763 2331 ad
794 2299 997 2331 mansiones
1027 2299 1108 2332 illas
1131 2299 1367 2344 sempiternas
1391 2299 1504 2334 fueris
1537 2307 1726 2344 evocatus,

267 2351 310 2379 ut
327 2345 418 2378 mihi
440 2345 559 2378 denuo
579 2345 802 2390 principatus
819 2346 992 2379 Romanus
1009 2346 1243 2392 relinquatur.
1300 2344 1372 2379 Sed
1390 2345 1458 2382 ista
1488 2346 1646 2393 quidem,
1673 2354 1717 2383 ut

267 2392 346 2426 Deo
375 2391 553 2435 placitum
579 2391 658 2432 erit,
683 2393 733 2424 ita
757 2403 794 2425 se
824 2391 995 2424 habeant.
1043 2391 1149 2426 Nunc
1181 2391 1398 2426 necessitate
1436 2395 1712 2440 reverentiaque

262 2437 530 2472 dissidentibus
547 2463 556 2478 ‚
579 2439 773 2471 necessitas
798 2439 887 2472 vicit
915 2443 952 2471 et
974 2437 1144 2472 indecore
1165 2438 1405 2484 imperiteque
1431 2438 1551 2475 dicere
1575 2441 1716 2475 facere-

270 2494 342 2529 que
375 2484 562 2530 compulit.
589 2483 680 2517 Cum
707 2495 863 2529 namque
891 2489 927 2517 et
951 2496 1016 2518 nos
1041 2486 1157 2528 ipsos,
1194 2490 1231 2518 et
1255 2484 1440 2526 civitates,
1479 2491 1517 2521 et
1565 2487 1714 2522 ecunias

269 2535 306 2564 et
338 2531 448 2564 simul
482 2530 603 2564 omnia
633 2530 673 2564 in
706 2541 834 2564 manus
860 2536 942 2563 tuas
972 2531 1115 2565 tradere
1139 2531 1330 2573 decuisset,
1354 2530 1498 2565 duabus
1552 2545 1572 2568 e
1595 2535 1723 2568 causis,

267 2587 369 2610 secus
406 2587 510 2621 agere
535 2578 650 2610 coacti
675 2587 807 2612 sumus.
856 2578 944 2618 Una,
971 2577 1071 2622 quod
1094 2589 1209 2611 meam
1237 2577 1309 2611 tibi
1332 2578 1558 2622 gratificandi
1575 2580 1713 2614 -volun-

266 2627 391 2664 tatem,
413 2623 692 2664 observantiam,
715 2622 891 2668 pudorem
919 2635 1000 2668 erga
1025 2630 1062 2658 te
1079 2625 1177 2658 Deus
1195 2624 1307 2664 novit,
1331 2625 1390 2657 cui
1410 2624 1552 2661 occulta
1573 2631 1712 2671 patent,

268 2674 306 2711 et
335 2670 414 2716 ipse
450 2669 594 2716 quoties
628 2671 767 2706 occasio
795 2668 902 2713 tulit,
937 2669 1168 2707 evidentibus
1201 2669 1420 2717 argumentis
1441 2669 1529 2710 haec
1553 2672 1709 2712 ostendi.
